3659 5600
876 516 1079 559 „Iv-

407 665 465 730 dae
487 666 537 729 vel
559 666 688 729 maioris
712 686 835 747 eorum,
857 687 937 749 quae
960 666 1074 748 debeo,
1102 668 1216 748 partis,
1245 666 1381 749 dumque
1402 666 1548 749 perfruor

406 783 635 867 indagationis,
652 805 714 866 qua
727 783 970 847 fortunatiorem
984 783 1037 846 vix
1051 783 1142 866 novi,
1159 783 1387 866 oblectatione,
1403 784 1548 868 experior

231 923 235 931 ·
292 941 298 951 ·
406 900 605 964 intellectum
633 904 761 984 poetae,
791 922 861 964 cum
891 922 1117 983 saepenumero
1144 903 1293 964 nascatur
1319 917 1357 964 ex
1383 901 1548 985 perpensis

405 1018 543 1100 primum
565 1040 788 1101 usquequaque
809 1018 996 1082 idoneorum
1013 1018 1267 1082 adiumentorum
1288 1018 1430 1101 indiciis,
1452 1020 1547 1082 inter-

406 1134 481 1197 dum
496 1138 619 1218 tamen,
643 1157 702 1199 nec
724 1138 849 1199 tantum
872 1141 906 1198 in
928 1136 1022 1199 rebus
1042 1136 1253 1220 gravissimis,
1276 1136 1423 1219 impediri
1443 1135 1548 1219 aliqua

408 1252 549 1316 novitate
571 1253 662 1337 agive
689 1254 919 1316 transversum:
953 1253 1182 1317 observandum
1211 1275 1279 1317 esse
1311 1257 1452 1336 tempus,
1485 1275 1547 1337 quo

405 1369 559 1452 quaedam
575 1373 823 1453 ematuresoant,
847 1373 879 1434 et
894 1371 933 1434 ad
954 1372 1096 1453 quaesita
1110 1371 1186 1435 olim
1201 1370 1335 1434 subinde
1349 1371 1547 1454 postliminio

405 1487 610 1551 redeundum.

488 1604 563 1669 Feci
585 1604 618 1667 id
639 1604 674 1667 in
695 1604 755 1668 hac
773 1605 941 1669 Persarum
963 1606 1085 1690 fabula,
1109 1629 1204 1690 quam
1225 1606 1399 1671 absolvisse
1421 1607 1545 1690 pridem

404 1722 548 1805 videbar,
581 1744 652 1787 cum
679 1722 828 1806 perlectis
856 1724 973 1806 tribus,
1006 1746 1085 1807 quos
1115 1747 1216 1788 annus
1249 1727 1429 1808 postremus
1462 1726 1545 1803 tulit,

405 1840 638 1904 commentariis
667 1843 722 1903 aut
749 1841 955 1924 editionibus,
983 1842 1113 1906 eruditis
1141 1846 1174 1906 01
1201 1842 1359 1906 adcuratis
1387 1843 1545 1925 omnibus,

406 1958 658 2040 constituissem,
681 1957 757 2021 dum
778 1958 927 2022 volumen
949 1960 1041 2042 illud,
1065 1961 1149 2043 quod
1171 1961 1252 2041 dixi,
1281 1961 1440 2044 ederetur,
1464 1984 1547 2025 sum·

405 2076 518 2140 matim
534 2079 663 2139 enotare
687 2078 766 2159 quae
788 2076 828 2139 ad
850 2077 1065 2141 continuanda
1079 2078 1135 2142 illa
1156 2081 1203 2160 et,
1226 2079 1253 2142 si
1267 2101 1318 2143 res
1339 2080 1452 2163 ferret,
1475 2100 1547 2144 oon·
1627 2162 1631 2169 ι

405 2194 542 2259 cilianda
568 2193 648 2257 meis
670 2193 774 2257 studia
801 2193 904 2259 facere
932 2198 1073 2278 possent.
1117 2196 1265 2260 nolebam
1292 2200 1401 2261 tamen
1427 2197 1547 2261 incom-

405 2312 533 2375 modare
549 2311 710 2394 cuiquam:
738 2310 910 2375 editionem
926 2313 1064 2395 confeci,
1081 2335 1160 2397 quae
1174 2336 1241 2378 non
1256 2314 1414 2379 ederetur:
1440 2336 1547 2379 recen-

405 2430 528 2493 sionem
549 2429 652 2492 dicere
667 2428 899 2492 verecundatus
915 2451 1006 2494 sum:
1036 2431 1118 2494 nihil
1138 2431 1307 2497 admodum
1323 2433 1424 2497 adieci
1442 2455 1547 2497 rerum

404 2548 561 2610 rariorum
583 2548 616 2610 et
643 2546 677 2609 in
699 2567 866 2610 commune
894 2548 1131 2630 exoptabilium.
1176 2549 1257 2613 nihil
1284 2573 1382 2633 aeque
1404 2550 1546 2615 reformi-

405 2664 535 2747 dabam,
564 2686 659 2747 quam
686 2664 905 2748 quodcumque
935 2666 1041 2730 locum
1068 2668 1147 2731 meis
1176 2668 1342 2731 conatibus
1370 2669 1433 2731 iam
1460 2689 1546 2732 nuno

404 2803 536 2865 poscere
558 2780 718 2846 videretur
738 2782 823 2846 inter
849 2783 1000 2867 probatos
1022 2784 1174 2850 maiorem
1195 2785 1230 2849 in
1251 2786 1380 2850 modum
1402 2786 1546 2851 aliorum.

489 2899 606 2965 Nescio
628 2900 788 2983 profecto,
817 2923 879 2984 quo
901 2903 996 2966 modo
1022 2903 1142 2968 factum
1164 2904 1220 2985 sit,
1248 2906 1284 2973 ut
1310 2904 1453 2987 libellus,
1484 2927 1545 2987 quo

405 3017 486 3082 nihil
508 3017 594 3081 aliud
616 3039 711 3100 quam
742 3018 938 3083 indicaturus
960 3021 1125 3103 perspicue
1148 3043 1248 3104 eram,
1276 3022 1351 3104 quid
1373 3022 1546 3087 iudicarem

408 3136 468 3201 hoc
489 3137 633 3240 tempore
660 3135 707 3215 de,
728 3136 959 3200 emendationis
982 3138 1177 3221 Aeschyleae
1205 3139 1374 3222 disciplina
1401 3143 1433 3204 et
1459 3140 1545 3204 adiu-

406 3255 585 3316 mentorum
607 3274 682 3335 usu,
705 3252 799 3337 idque
822 3254 1077 3319 aestimatoribus
1093 3256 1206 3319 harum
1227 3278 1331 3320 rerum
1347 3257 1546 3322 oblectamen

406 3373 439 3434 et
466 3370 545 3434 sicui
571 3369 619 3432 uti
646 3369 807 3453 libuisset,
838 3372 1091 3455 promptuarium
1120 3394 1188 3436 esse
1216 3373 1361 3437 volebam
1388 3414 1431 3422 —
1457 3378 1493 3439 ut
1519 3376 1546 3438 is

406 3486 533 3551 libellus
564 3487 701 3550 formam
734 3487 886 3572 induerit,
923 3490 1079 3553 aemulam
1112 3491 1339 3573 propemodum
1373 3493 1547 3557 editionum

408 3604 653 3668 clarissimarum
668 3626 704 3668 ac
718 3605 816 3690 longe
838 3606 920 3669 alius
942 3607 1028 3670 modi
1034 3656 1044 3689 ,
1067 3629 1162 3692 quae,
1185 3609 1212 3672 si
1234 3610 1309 3693 quid
1326 3610 1433 3693 video,
1455 3633 1546 3694 prae·

406 3721 563 3785 sationem
585 3722 741 3808 efflagitat
762 3724 981 3807 eloquentem,
1004 3728 1265 3810 contemptricem
1286 3728 1396 3792 vilium
1418 3729 1546 3793 illorum

408 3861 427 3903 a
455 3839 593 3903 cordatis
626 3840 836 3929 typographis
865 3862 882 3903 0
910 3845 1083 3925 conspectu
1116 3843 1251 3909 feliciter
1279 3846 1473 3930 ablatorum,
1507 3847 1546 3911 ad

409 3978 488 4040 quae
510 3978 586 4021 sane
608 3957 721 4022 addere
743 3957 897 4040 quaedam
919 3958 953 4021 in
975 3959 1081 4024 animo
1103 3962 1196 4025 unice
1219 3966 1295 4026 erat.
1339 3964 1454 4027 vellem
1474 3987 1546 4048 pro-

407 4074 508 4157 fecto,
537 4075 636 4139 otium
664 4075 858 4158 suppetisset
879 4075 919 4138 ad
948 4078 1208 4142 conscribendam
1236 4101 1273 4143 00
1300 4083 1394 4163 pacto
1420 4103 1545 4146 enarra-

407 4192 527 4256 tionem
555 4194 727 4276 poematis,
761 4215 822 4275 quo
850 4193 962 4257 utilem
994 4195 1062 4259 fore
1094 4196 1251 4281 intelligo.
1300 4216 1370 4261 sum
1398 4199 1438 4262 ad
1469 4200 1546 4264 talia

407 4331 492 4373 nunc
519 4310 706 4394 imparatus:
739 4311 926 4375 meditatum
952 4333 1020 4376 non
1040 4335 1215 4397 numquam
1240 4314 1278 4378 de
1305 4316 1404 4399 ipsius
1431 4320 1545 4399 poetae

407 4427 645 4511 magnificentia
674 4432 922 4493 consentaneum
951 4433 1012 4515 est3
1046 4430 1073 4493 si
1103 4431 1173 4513 quis
1202 4431 1305 4497 obiter
1333 4437 1365 4497 01
1392 4434 1546 4499 subitaria

408 4544 551 4608 oratione
573 4545 717 4629 exposita
738 4547 844 4631 legere
866 4547 1066 4631 dignabitur,
1089 4570 1156 4612 non
1178 4549 1336 4614 invidebo,
