3659 5600
842 495 885 560 25

378 688 431 751 καὶ
451 686 656 751 Ποεειδῶνοε
678 683 851 763 κρατήεειν.
879 689 951 750 πῶε
971 684 1041 749 τάδ’
1061 684 1102 749 οὐ
1119 685 1216 751 νόεοε
1230 691 1363 765 φρενῶν
1385 696 1435 745 νου

378 803 445 884 εἶχε
467 804 561 870 παῖδ’
582 802 674 884 ἐμόν;
697 802 825 868 δέδοικα
846 804 885 882 μὴ
908 805 1012 869 πολύε
1033 803 1178 870 πλούτου
1200 804 1303 882 πόροε

379 923 479 1003 ούμδε
501 923 684 1002 άνθρῶποιε
705 922 836 1001 γένηται
856 926 915 987 τού
938 921 1121 1003 φθάεαντοε
1143 922 1278 1002 ἁρπαγή.

294 1044 352 1109 ΑῘ.
379 1047 478 1108 ταῦτα
498 1044 569 1106 τοῖε
590 1043 700 1105 κακοῖε
721 1038 843 1119 ὁμιλῶν
865 1040 1018 1120 άνδράειν
1039 1041 1215 1120 διδάεκεται

378 1160 509 1239 θούριοε
530 1159 665 1240 Ξέρξηε·
689 1159 815 1235 λέγουει
837 1157 871 1225 δ’
893 1159 939 1224 ῶε
961 1161 998 1227 εὐ
1020 1161 1078 1240 μὲν
1100 1160 1200 1240 μέγαν
1222 1162 1346 1227 τέκνοιε

378 1283 522 1346 πλοῦτον
545 1277 663 1356 ἐκτήκω
686 1277 742 1343 εὺν
765 1277 874 1361 αἰχμῇ,
896 1279 955 1345 τὸν
977 1278 1011 1343 δ’
1032 1276 1204 1358 ἀνανδρία(
1225 1278 1290 1344 ύπο
1387 1289 1435 1337 755

379 1397 476 1463 ἔνδον
499 1396 678 1479 αἰχμάζειν,
700 1401 854 1481 πατρῷον
876 1396 910 1462 δ’
931 1397 1031 1478 ὄλβον
1054 1396 1151 1462 οὐδὲν
1174 1397 1329 1464 αὐξάνειν.

378 1515 486 1581 τοιάδ’
507 1515 540 1581 ἐξ
561 1515 690 1594 ἀνδρῶν
713 1513 821 1592 ὀνείδη
843 1516 999 1581 πολλάκιε
1021 1515 1126 1580 κλύων
1149 1519 1254 1580 κακῶν

378 1634 472 1712 τήνδ’
493 1632 682 1714 ἔβούλευεεν
705 1633 856 1700 κέλευθον
879 1633 929 1698 καὶ
951 1634 1118 1714 ετοάτευμ’
1139 1633 1197 1713 ἐφ’
1217 1632 1359 1698 Ἑλλάδα

295 1754 362 1819 ΔΑ.
383 1753 495 1832 τοιγάρ
517 1772 591 1834 εφιν
614 1751 711 1830 ἔργον
733 1751 814 1818 ἔετίν
837 1752 1077 1832 ἐξειργαεμένον

380 1871 542 1955 μέγιετον,
564 1870 770 1954 άεῖμνηετον,
793 1870 865 1936 οἷον
887 1870 1021 1936 οὐδέπω
1386 1882 1436 1930 που

379 1990 451 2056 τόδ’
473 1989 550 2055 άετυ
573 1989 702 2055 (αὐτῶν
725 1989 915 2057 ἐξεκίνυεεεν
938 1989 1051 2072 πέεοε,

380 2110 413 2176 ἐξ
436 2107 511 2174 οὐτε
532 2110 623 2188 τιμὴν
645 2109 727 2174 Ζεύε
750 2106 829 2177 άναξ
851 2110 946 2186 τὴνδ’
967 2107 1114 2186 ὤπαεεν,

380 2228 432 2294 ἔν’
453 2227 549 2305 ἄνδρ’
571 2227 693 2307 ἁπάεηε
714 2227 835 2293 Ἀείδοε
857 2226 1069 2308 μηλοτρόφου
1093 2252 1095 2259 ·

379 2348 503 2428 ταγεῖν,
528 2345 647 2425 ἔχοντα
669 2349 829 2425 εκῆπτρον
851 2346 1070 2424 εὐθυντήριον.

381 2465 494 2543 Μῆδοε
514 2465 577 2544 γὰρ
599 2465 639 2544 ἦν
661 2463 679 2529 δ
702 2469 831 2544 πρῶτοι
851 2464 980 2542 ἡγεμὼν
1003 2467 1151 2543 ετρατού·

380 2583 481 2649 άλλοε
503 2584 536 2647 δ’
559 2582 682 2648 ἐκείνου
704 2587 780 2648 παῖε
800 2583 872 2648 τόδ’
894 2581 991 2662 ἔργον
1013 2583 1138 2660 ἤνυεεν.

379 2671 500 2782 ωρένεε
520 2702 582 2781 γὰρ
604 2701 705 2766 αὐτοῦ
727 2703 827 2781 θυμὸν
850 2699 1118 2785 οἰακοετρόφουύ.

380 2822 486 2900 τρίτοε
508 2822 543 2886 δ’
563 2820 624 2888 ἀπ’
646 2821 747 2885 αὐτοῦ
771 2822 888 2902 Κύροε,
911 2819 1071 2899 εὐδαίμων
1094 2818 1175 2899 ἀνὴρ
1181 2868 1192 2903 ,

381 2940 477 3020 άρξαε
498 2939 591 3019 ἔθηκε
612 2942 705 3004 πάειν
728 2939 855 3019 εἰρήνην
878 2940 1000 3018 φίλοιε·

380 3059 494 3124 Λυδῶν
516 3060 552 3123 δὲ
575 3060 654 3124 λαὸν
677 3057 728 3122 καὶ
750 3056 888 3136 Φρυγῶν
911 3056 1078 3139 ἐκτήεατο,

342 3205 344 3208 ·
380 3175 502 3242 Ἰωνίαν
523 3197 558 3241 τε
580 3178 683 3241 πάτον
704 3177 821 3255 ἤλαεεν
844 3175 903 3261 βίᾳ.

380 3296 454 3360 θεδε
476 3295 538 3374 γὰρ
561 3294 621 3360 οὐκ
641 3295 795 3379 ἤχθηρεν,
819 3295 864 3360 ῶε
886 3294 1017 3375 εὔφρων
1039 3294 1113 3374 ἔφυ.

383 3414 488 3494 Κύρου
510 3415 546 3478 δ“ε
567 3417 644 3479 παῖε
665 3414 818 3493 τέταρτοε
838 3412 928 3479 ἴθυνε
950 3412 1094 3492 ετρατόν.

381 3531 525 3612 πέμπτοε
548 3532 584 3596 δέ
606 3532 740 3611 Μάρδοε
761 3532 872 3611 ἦρξεν,
894 3531 1024 3611 αίεχύνη
1046 3530 1152 3615 πάτρᾳ

380 3649 520 3730 θράνοιεί
541 3649 574 3714 τ’
596 3649 761 3730 άρχαίοιει.
794 3649 852 3714 τὸν
875 3652 911 3715 δὲ
933 3651 989 3744 εὐν
1012 3650 1099 3734 δόλῳ
1126 3721 1128 3724 ,

381 3768 597 3850 Ἀρταφρένηε
617 3767 890 3844 ἔκτεινενέεθλὸε
912 3768 948 3834 ἐν
970 3768 1082 3848 δόμοιε

381 3887 437 3952 Ξὺν
460 3886 612 3966 ἀνδράειν
634 3887 786 3969 φίλοιειν,
810 3886 858 3951 οἰε
879 3886 952 3951 τόδ’
973 3886 1012 3966 ἦν
1035 3886 1131 3966 χρέοε

381 4004 472 4070 ἔκτοε
493 4006 529 4069 δὲ
552 4004 719 4087 Μάραφιε,
742 4004 879 4084 ἕβδομοε
901 4005 1117 4087 Ἀρταφρένηε

381 4122 470 4199 κάγὼ
491 4122 599 4189 πάλου
621 4123 769 4202 δὴἰκυρεα
794 4127 914 4202 τοῦπερ
935 4123 1069 4204 ἤθελον,

380 4239 634 4320 κάπεετράτευεα
655 4241 762 4306 πολλὰ
785 4242 841 4306 εὐν
867 4242 980 4325 πολλῷ
1003 4248 1140 4325 ετρατῶ·

381 4359 456 4424 ἀλλ’
478 4358 519 4425 ού
540 4359 793 4442 κακάντοεόνδε
815 4360 1015 4440 προεέβαλον
1037 4359 1139 4424 πόλει.
1245 4371 1247 4373 ’

381 4477 503 4557 Ξέρξηε
523 4478 558 4542 δ’
579 4478 654 4556 ἐμὸε
675 4479 751 4542 παῖε
772 4477 864 4542 ἔνεοε
886 4477 933 4544 ὢν
955 4477 1032 4543 ἔνεα
1053 4481 1187 4559 φρονεῖ,

264 4613 267 4616 ·
382 4594 440 4659 κού
463 4596 654 4675 μνημονεύει
675 4598 731 4661 τά(
753 4595 830 4675 ἐμά(
852 4595 1030 4672 ἐπιετολάε,
