3659 5600
490 1216 498 1255 (

520 1298 658 1366 XOPOC

381 1401 465 1483 Τάδε
487 1419 545 1497 μὲν
567 1419 703 1497 Πεμεῶν
719 1414 791 1483 Ιτιῖιν
814 1417 994 1496 οἰχομένων

379 1535 508 1601 Ἑλλάδ’
531 1535 564 1600 ἐε
586 1534 661 1600 αἶαν
682 1536 776 1600 πιετά
798 1536 954 1618 καλεῖται,

379 1655 430 1719 καὶ
451 1660 518 1720 τῶν
540 1652 675 1734 ἀφνεῶν
697 1654 748 1718 καὶ
769 1652 984 1733 πολυχρύεων

378 1771 524 1853 ἑδράνων
546 1771 704 1855 φύλακεε,
726 1773 806 1838 κατὰ
827 1771 996 1853 πρετβείαν

378 1891 435 1958 οὓε
457 1889 555 1956 αὐτὸ(
577 1889 656 1957 άναξ
679 1889 800 1971 Ξέρξη(
823 1891 970 1971 βαειλεὺτ

376 2009 596 2089 Δαρειογενὴε

377 2125 481 2192 εἵλετο
503 2125 612 2205 χώρα(
634 2124 815 2207 ἐφορεύειν.

377 2242 459 2324 ἀμφὶ
480 2244 517 2308 δὲ
539 2242 643 2328 νόετῳ
665 2248 710 2326 τῷ
734 2242 880 2327 βαειλείῳ

376 2362 429 2428 καὶ
449 2361 655 2442 πολυχρύεου
678 2363 822 2441 ετρατιᾶε
842 2360 904 2440 ἤδη

376 2480 566 2561 κακόμαντι(
588 2478 670 2557 ἄγαν
693 2478 919 2559 ὀρτολοπεῑται

376 2599 476 2679 θυμὸε
497 2598 630 2664 ἔεωθεν.

375 2835 508 2915 οἴχωκε,
530 2835 609 2901 νέον
631 2835 666 2900 δ’
687 2834 786 2913 άετρά
808 2836 930 2915 βαΰζει,

374 2953 468 3019 κοῦτε
489 2974 537 3018 τιε
558 2952 696 3030 άγγελοε
719 2952 794 3018 οὔτε
815 2973 862 3018 τιε
882 2951 999 3017 ἱππεὺε

373 3071 450 3137 άετιι
471 3070 510 3136 τὸ
532 3072 669 3150 Περεῶν
692 3069 886 3152 ἀφικνεῖται·

373 3188 441 3255 οἵτε
462 3189 500 3255 τὸ
523 3187 653 3255 (ούτων
674 3187 733 3267 ἠδ’
753 3188 958 3269 Ἀγβατάνων

374 3307 486 3374 καὶτὸ
509 3306 649 3374 παλαιὸν
674 3306 814 3375 Κίετινον
837 3306 930 3385 ἕρκοε

373 3424 588 3506 προλιπόντεε
609 3423 704 3506 ἔβαν,

372 3543 404 3609 οἱ
425 3544 484 3623 μὲν
505 3542 565 3623 ἐφ’
584 3541 713 3625 ἵππων,
736 3541 767 3605 οἱ
788 3542 822 3607 δ’
844 3542 897 3607 ἐπὶ
918 3545 1025 3618 ναῶν,

373 3661 464 3729 πεζοί
486 3681 520 3726 τε
543 3661 644 3741 βάδην

371 3779 517 3860 πολέμου
540 3780 652 3860 ετῖφοε
673 3778 889 3859 παρέχοντεε·

372 3895 443 3963 οἷοτ
465 3897 625 3976 Ἀμίετρηε
646 3896 703 3976 ἠδ’
724 3895 942 3978 Ἀμταφρένηε

369 4015 423 4079 καὶ
445 4014 635 4094 Μεγαβάτηε
656 4012 712 4094 ἠδ’
734 4013 922 4095 Ἀετάτπηε,

371 4132 464 4209 ταγοὶ
484 4132 637 4214 Περεάιν,

371 4253 500 4331 βαειλῆε
522 4249 675 4330 βαειλέωε
696 4247 815 4329 ὕποχοι
836 4249 995 4332 μεγάλου,

371 4372 521 4451 εοῦνται,
544 4369 689 4445 ττρατιάε
710 4370 834 4445 πολλῆ(
857 4366 991 4448 ἔφοροι,

368 4484 604 4564 τοξοδάμαντέε
626 4483 659 4547 τ’
680 4483 737 4563 ἠδ’
756 4483 944 4568 ἱπποβάται,

368 4604 506 4684 φοβεροὶ
528 4604 586 4682 μὲν
610 4602 705 4685 ἰδεῖν,
727 4603 827 4667 δεινοὶ
850 4603 885 4666 δὲ
907 4602 1010 4681 μάχην
