3659 5600
831 548 868 611 17

363 737 420 800 οῦτ
442 734 562 814 πρότθε
586 736 752 814 Μαραθῶν
774 733 945 814 βαρβάρων
967 731 1147 798 ἀπῶλετεν·

361 853 408 919 ῶν
431 850 603 918 ἀντίποινα
624 856 700 917 παῖτ
722 851 798 931 έμότ
819 851 951 930 πράξειν
974 856 1081 917 δοκῶν

360 976 501 1037 τοτῶνδε
525 974 649 1050 πλῆθοτ
670 969 824 1049 πημάτων
847 970 1032 1036 έπέτπατεν.

364 1089 400 1155 τῦ
422 1089 458 1154 δ’
480 1088 567 1171 εἰπὲ,
589 1093 678 1154 ναῶν
700 1089 734 1152 αἳ
755 1088 952 1168 πεφεύγατιν
974 1089 1094 1170 μόρον,

363 1210 430 1272 ποῦ
452 1209 543 1273 τᾶτδ’
565 1208 697 1274 έλειπετ.
741 1204 833 1272 οίτθα
854 1210 986 1285 τημῆναι
1008 1212 1126 1285 τορῶτ;

281 1327 336 1391 ΑΓ.
365 1329 455 1391 ναῶν
478 1326 514 1390 δέ
535 1325 628 1401 ταγοὶ
649 1330 714 1391 τῶν
737 1326 951 1406 λελειμμένων
974 1325 1070 1402 τιίδην

365 1444 440 1509 κατ’
462 1442 564 1522 οῦρον
587 1443 647 1508 οὐκ
669 1444 825 1524 εὔκοτμον
848 1443 994 1522 αἴρονται
1015 1442 1132 1522 φυγήν.

366 1561 499 1640 ττρατὸτ
522 1561 555 1625 δ’
577 1560 596 1625 ὁ
619 1563 734 1628 λοιπὸτ
754 1562 791 1628 έν
813 1582 847 1627 τε
870 1563 1022 1626 Βοιωτῶν
1044 1560 1137 1638 χθονὶ

363 1678 528 1763 διώλλυθ’,
551 1678 583 1745 οί
604 1682 662 1758 μέν
685 1679 765 1761 ἀμφὶ
786 1681 941 1760 κρηναῖον
963 1678 1063 1755 γάνοτ

362 1798 440 1882 δίψη
463 1802 658 1883 πονοῦντετ,
681 1797 712 1864 οἱ
734 1799 767 1863 δ’
789 1798 848 1863 ὑπ’
870 1798 1027 1875 ἄτθματοτ
1048 1797 1137 1862 κενοὶ

362 1920 578 1996 διεκπερῶμεν
599 1916 633 1983 ἔτ
655 1936 688 1981 τε
711 1915 853 1981 Φωκέων
875 1915 978 1994 χθόνα

362 2035 414 2099 καὶ
434 2032 562 2114 Δωρίδ’
584 2032 676 2114 αίαν,
700 2035 807 2112 Μηλιᾶ
828 2054 862 2098 τε
884 2033 1025 2117 κόλπον,
1047 2032 1088 2098 οῦ

365 2150 536 2231 (περχειότ
557 2150 647 2230 ἄρδει
669 2152 782 2217 πεδίον
805 2150 932 2232 εὐμενεῖ
952 2156 1060 2234 ποτῷ·

362 2268 535 2336 κάντεῦθεν
556 2270 637 2351 ημᾶτ
658 2273 716 2348 γῆτ
737 2270 895 2349 Ἀχαιίδοτ
916 2269 1019 2336 πέδον

369 2387 419 2451 καὶ
440 2388 610 2454 θετταλῶν
632 2388 761 2467 πόλιτμ’
782 2387 1075 2468 ῦπετπανιτμένουτ

363 2509 463 2586 βορῦτ
484 2506 642 2573 ἐδέξαντ’·
669 2507 748 2572 ένθα
770 2509 808 2588 δὴ
830 2511 973 2574 πλεῑττοι
994 2507 1096 2573 θάνον

364 2624 443 2708 δίψη
464 2645 499 2691 τε
522 2627 603 2711 λιμῷ
625 2624 671 2690 τ’·
698 2624 866 2708 ἀμφότερα
887 2627 951 2706 γὰρ
972 2626 1013 2705 ἦν
1035 2625 1122 2691 τάδε.

366 2744 570 2825 Μαγνητικὴν
593 2745 629 2810 δέ
650 2747 746 2821 γαῖαν
767 2745 801 2812 ἔτ
823 2765 858 2811 τε
881 2744 1081 2811 Μακεδόνων

366 2861 476 2940 χώραν
499 2862 697 2946 ἀφικόμετθ,
719 2863 776 2929 ἐπ’
797 2862 900 2929 Ἀξίου
922 2864 1045 2947 πόρον,

366 2979 488 3061 Βόλβητ
509 2980 543 3045 θ’
564 2981 669 3048 ἕλειον
691 2982 829 3065 δόνακα,
850 2982 1018 3058 Πάγγαιόν
1039 2981 1072 3048 τ’
1094 2979 1188 3061 ὄροτ,

362 3097 519 3163 Ἠδωνίδ’
541 3098 625 3166 αἶαν.
668 3103 759 3167 νυκτί
780 3101 816 3166 δ’
838 3100 873 3166 ἐν
895 3100 994 3185 ταύτῃ
1017 3102 1091 3165 θεότ

366 3216 502 3296 χειμῶν’
522 3213 635 3297 ἄωρον
656 3217 754 3300 ῶρτε,
777 3219 931 3297 πήγνυτιν
953 3220 990 3283 δέ
1011 3220 1076 3284 πᾶν

367 3333 502 3413 ῥέεθρον
524 3334 627 3412 ἁγνοῦ
649 3336 838 3420 (τρυμόνοτ.
881 3337 976 3403 θεοῦ(
998 3336 1033 3402 δέ
1054 3358 1102 3401 τιτ

366 3451 404 3516 τὸ
426 3454 501 3532 πρίν
523 3453 661 3535 νομίζων
683 3453 827 3535 οὐδαμοῦ
849 3455 921 3521 τότ’
942 3454 1055 3533 εὔχετο

368 3573 495 3653 λιταῐτι,
519 3575 615 3648 γαῖαν
638 3557 781 3652 οὐρανόν
802 3592 837 3638 τε
858 3578 1058 3653 προτκυνῶν.

368 3688 439 3754 ἐπεὶ
459 3691 495 3755 δὲ
517 3692 625 3756 πολλὰ
646 3695 828 3757 θεοκλυτῶν
850 3690 1011 3756 ἐπαύτατο

370 3808 519 3892 ττρατότ,
540 3814 624 3893 περᾷ
645 3811 910 3888 κρυτταλλοπῆγα
931 3809 984 3873 διὰ
1005 3807 1126 3889 πόρον·

369 3925 480 4005 χῶττι(
503 3928 561 4006 μὲν
582 3925 690 4010 ἡμῶν,
712 3930 788 4006 πρὶν
811 3931 1016 4005 τκεδατθῆναι
1037 3930 1114 3991 θεοῦ

374 4042 519 4128 ἀκτίνατ,
542 4045 673 4126 ὡρμήθη
680 4094 690 4128 ,
712 4046 907 4125 τετωτμένοτ
928 4047 1024 4125 κυρεῖ.

371 4162 504 4243 φλέγων
526 4164 588 4243 γὰρ
610 4164 725 4241 αὐγαῖτ
747 4165 892 4245 λαμπρότ
913 4162 1007 4241 ἡλίου
1028 4161 1144 4228 κιίκλοτ

370 4281 467 4359 μέτον
489 4282 593 4362 πόρον
616 4287 719 4365 διῆκε,
741 4282 922 4362 θερμαίνων
944 4282 1059 4362 φλογὶ,

371 4400 490 4465 πίπτον
512 4401 547 4465 δ’
569 4400 625 4464 ἐπ’
647 4399 841 4478 ἀλλήλοιτιν.
885 4400 1013 4478 εὐτυχεῖ
1035 4397 1071 4462 δέ
1092 4418 1143 4462 τοι

371 4515 455 4582 όττιτ
476 4518 604 4597 τάχιττα
626 4518 744 4598 πνεῦμ’
766 4516 945 4598 ἀπέρρηξεν
967 4516 1045 4597 βίου.

372 4636 440 4703 ὅτοι
462 4638 498 4702 δέ
520 4637 628 4701 λοιποὶ
650 4635 788 4715 κᾶτυχον
812 4636 981 4716 τωτηρίατ,

340 4772 453 4824 Mum,
465 4771 550 4813 Amen.
564 4782 626 4812 ms.
