3659 5600
836 516 876 579 13

365 703 384 768 δ
407 705 469 767 πᾶς
492 701 624 782 άριθμόε
646 700 679 767 ἐς
701 700 870 781 τριακάδας
892 702 968 766 δέκα

365 826 471 901 ναῶν,
495 820 588 885 δεκὰς
611 818 645 884 δ’
667 819 707 898 ἢν
729 822 833 886 τῶνδε
856 821 954 899 χωρλε
975 819 1125 899 ἔκκριτος.

367 938 471 1022 Ξέρξῃ
494 939 546 1020 δὲ,
567 938 702 1016 καὶγὰρ
726 936 816 1014 οἴδα,
840 939 943 1016 χιλιὰς
965 938 1023 1017 μὲν
1045 937 1085 1016 ἢν

365 1056 412 1121 ὧν
435 1055 493 1135 ἦγε
515 1058 654 1138 πλῆθος,
677 1055 709 1120 αἱ
729 1056 762 1120 δ’
784 1053 984 1136 ὑπέρκομποι
1005 1055 1094 1135 τάχει

366 1175 481 1240 ἑκατὸν
503 1174 550 1239 δὶς
572 1173 651 1253 ἦςαν
674 1173 754 1238 ἑπτά
776 1173 825 1237 θ’·
848 1173 912 1238 ὧδ’
933 1174 1000 1253 ἔχει
1022 1173 1131 1250 λόγος.

366 1295 407 1373 μή
431 1314 478 1358 ςοι
501 1295 660 1372 δοκοῦμεν
682 1297 758 1376 τῇδε
781 1295 950 1373 λειφθῆναι
971 1292 1070 1376 μάχη;

281 1412 339 1477 ΑΤ.
366 1410 442 1475 ἀλλ’
463 1410 528 1475 ωδε
551 1412 672 1490 δαίμων
694 1410 741 1476 τίς
763 1410 951 1492 κατέφθειρε
973 1411 1124 1493 ςτρατόν,

366 1530 506 1594 τόιλαντα
529 1531 634 1610 βρίεας
656 1529 716 1595 οὐκ
738 1528 900 1614 ἰςορρόπιρ
922 1529 1018 1614 τόχη;

281 1650 336 1714 ΑΓ.
365 1647 434 1712 θεοὶ
455 1646 551 1713 πόλιν
573 1644 709 1713 ςῶζουςι
730 1645 903 1713 Παλλάδος
925 1650 1010 1713 θεᾶς.

281 1766 340 1831 ΑῘ.
367 1765 416 1831 ἔτ’
439 1764 495 1845 ἆρ’
517 1766 661 1844 Ἀθηνῶν
683 1764 749 1831 έςτ’
770 1764 954 1847 ἀπόρθητος
976 1766 1082 1843 πόλις;

284 1885 339 1950 ΑΓ.
370 1883 500 1965 ἀνδρῶν
522 1885 585 1964 γὰρ
608 1881 715 1950 όντων
737 1883 830 1963 ἕρκος
852 1883 936 1950 ἐςτλν
958 1883 1111 1965 άςφπλές.

281 2003 340 2068 ΑῘ.
368 2003 450 2082 ἀρχὴ
473 2003 509 2067 δὲ
530 2002 620 2068 ναυςὶ
642 2005 799 2083 ςυμβολῆς
820 2002 867 2068 τίς
888 2002 944 2081 ἦν;
966 2003 1101 2084 φράςον.

367 2119 451 2187 τίνες
472 2125 645 2199 κατῆρξαν,
668 2120 809 2200 πότερον
831 2120 1000 2204 Ἕλληνεε,
1023 2120 1138 2203 μάχης,

366 2239 385 2317 ἢ
408 2242 484 2304 παῖε
506 2237 597 2322 ἐμός,
618 2240 731 2317 πλήθει
753 2240 950 2319 καταυχήςαε
971 2241 1071 2312 νεῶν;

282 2357 336 2422 ΑΓ.
365 2356 460 2437 ἦρξεν
480 2358 538 2435 μὲν
545 2405 555 2439 ,
577 2355 604 2420 ὦ
626 2356 794 2440 δέςποινα,
817 2361 875 2423 τοῦ
896 2357 1019 2423 παντὸς
1041 2361 1140 2422 κακοῦ

368 2475 483 2556 φανεὶε
505 2474 651 2555 ἀλάςτωρ
672 2476 692 2555 ἢ
714 2477 810 2542 κακόε
833 2477 956 2557 δαίμων
978 2476 1060 2543 ποθέ
1082 2523 1089 2539 .

368 2594 452 2674 ἀνὴρ
473 2596 536 2674 γὰρ
557 2595 674 2675 Ἕλλην
700 2593 733 2660 ἐξ
754 2594 929 2674 Ἀθηναίων
951 2598 1088 2674 ςτρατοῦ

367 2712 471 2778 ἐλθὼν
493 2713 581 2779 ἔλεξε
603 2713 693 2778 παιδὶ
714 2720 758 2797 ςῷ
781 2712 884 2797 Ξέρξη
905 2713 998 2796 τάδε,
1113 2764 1115 2767 -

371 2833 416 2897 ὡς
438 2832 466 2898 εἰ
487 2832 636 2911 μελαίνης
659 2833 775 2898 νυκτὸς
794 2832 892 2900 ἵξεται
913 2832 1050 2916 κνέφας,

367 2951 518 3029 Ἕλληνεε
541 2950 581 3016 οὐ
603 2953 749 3033 μενοῖεν,
771 2951 854 3016 ἀλλὰ
876 2950 1021 3031 εέλμαςιν

368 3074 458 3137 ναῶν
481 3068 714 3148 ἐπενθορόντες
735 3068 835 3136 ἄλλος
857 3070 974 3136 ἄλλοςε

368 3193 494 3272 δραςμῷ
516 3188 662 3269 κρυφαίω
686 3186 794 3268 βίοτον
816 3188 1018 3258 ἐκςωςοίατο.

368 3306 387 3372 δ
409 3307 444 3372 δ’
465 3305 559 3372 εὐθὺς
582 3305 627 3371 ὡς
648 3306 799 3390 ἤκουςεν,
822 3306 862 3372 οὐ
884 3307 987 3373 ξυνεὶς
1009 3306 1108 3372 δόλον

367 3425 523 3503 Ἕλληνος
544 3423 663 3505 άνδρὸς
685 3424 763 3491 οὐδὲ
784 3426 842 3492 τόν
864 3428 949 3491 θεῶν
972 3424 1115 3506 φθόνον,

367 3547 460 3609 πᾶςιν
482 3545 655 3624 προφωνεῖ
675 3543 770 3608 τόνδε
791 3542 965 3622 ναυάρχοις
985 3543 1099 3620 λόγον·

369 3660 439 3727 εὖτ’
460 3661 500 3727 ἂν
522 3660 653 3742 φλέγων
676 3660 795 3727 άκτῖειν
817 3660 908 3740 ἥλιος
931 3661 1033 3741 χθόνα

367 3781 445 3865 λήξῃ
451 3828 461 3864 ,
483 3779 604 3861 κνέφας
627 3782 663 3845 δὲ
684 3781 817 3861 τέμενος
839 3779 966 3860 αἰθέρος
988 3781 1082 3865 λάβῃ,

366 3898 456 3966 τάξαι
477 3901 564 3965 νεῶν
587 3903 700 3981 ετῑφος
721 3901 779 3980 μὲν
801 3898 837 3965 ἐν
859 3897 996 3977 ςτοίχοις
1016 3898 1114 3977 τριςὶν

367 4016 505 4082 ἔκπλους
527 4018 699 4097 φυλάςςειν
720 4019 772 4082 καὶ
792 4017 915 4098 πόρους
938 4016 1145 4099 ἁλιρρόθους,

368 4136 468 4201 ἄλλας
490 4137 525 4200 δὲ
547 4135 653 4220 κύκλῳ
675 4139 774 4215 νῆεον
795 4135 932 4201 Αἴαντος
954 4135 1058 4214 πέριξ·

368 4254 413 4320 ὡς
434 4254 461 4320 εἰ
483 4253 585 4335 μόρον
607 4254 776 4334 φευξοίαθ’
798 4254 950 4333 Ἕλληνες
971 4253 1085 4332 κακὸν,

366 4374 475 4438 ναυςὶν
497 4371 661 4453 κρυφαίως
683 4372 822 4452 δραςμόν
844 4371 995 4452 εὑρόντες
1016 4373 1104 4454 τινὰ,

366 4495 440 4557 πᾶςι
463 4490 622 4571 ςτέρεεθω
643 4492 759 4570 κρατὸς
785 4490 826 4571 ἦν
847 4491 1069 4571 προκείμενον.

366 4609 499 4676 τοςαῦτ’
520 4609 607 4678 ἔλεξε
629 4610 722 4689 κάρθ’
744 4608 803 4674 ὑπ’
825 4608 965 4689 εὐθύμου
987 4607 1123 4690 φρενός
