3659 5600
844 501 883 563 61

293 692 406 769 ςουςθ’,
415 696 535 754 exarato
552 710 567 754 ς
583 695 650 752 ante
665 693 684 753 θ
700 693 773 752 satis
787 692 913 764 exiliter,
926 691 962 748 ut
974 693 1006 750 et
1019 688 1130 749 assolet
1143 687 1208 748 fieri
1223 689 1293 749 alibi
1303 693 1334 750 01
1343 691 1434 750 inter·

292 797 363 855 dum
374 796 543 855 luxuriante
558 794 642 869 quasi
658 791 770 853 calamo
785 793 913 852 adicitur
925 794 1015 866 atque
1026 789 1156 867 expungi
1171 808 1188 847 a
1201 809 1291 849 manu
1306 792 1434 851 secunda

291 898 455 969 consuevit,
479 896 540 956 solo
557 895 743 954 circumflexo
758 894 860 953 addito
876 895 1023 952 mutatum
1037 895 1099 967 est3
1121 894 1186 949 tum
1200 910 1229 951 v.
1245 893 1387 967 proxime,
1402 894 1434 950 in

289 998 383 1060 τᾶςδε
409 997 481 1077 γᾶς,
506 1015 589 1056 eraso
610 1000 737 1071 utroque
759 1010 775 1054 c
796 998 827 1053 et
846 994 986 1069 repositis
1008 1010 1027 1052 ι.
1067 992 1169 1052 vetera
1188 992 1247 1051 duo
1272 994 1434 1068 scripturae

291 1100 463 1158 discrimina
478 1098 633 1157 adnotavit
646 1117 695 1158 vv.
712 1097 773 1155 888
789 1099 819 1155 et
834 1097 894 1154 906
911 1091 976 1171 ἅμα
990 1091 1111 1167 θέντες,
1133 1112 1149 1152 0
1164 1095 1311 1169 scriptura
1325 1095 1434 1168 unciali

290 1200 444 1258 traditum.
480 1180 550 1257 libri
570 1198 628 1257 mei
649 1196 785 1256 scribunt
804 1217 833 1257 v.
850 1197 911 1255 879
932 1195 1023 1258 νᾶςοι
1043 1191 1090 1274 θ’,
1113 1195 1164 1253 sed
1179 1195 1337 1254 emendant
1352 1198 1433 1255 vetu-

290 1300 397 1360 stiores
417 1302 557 1376 quattuor
576 1298 665 1358 Laur.
688 1300 848 1374 scripturas
869 1298 932 1356 884
948 1297 1010 1356 894
1026 1293 1100 1375 τὰς,
1120 1297 1181 1354 896
1204 1298 1264 1355 897
1281 1298 1356 1357 918;
1372 1298 1433 1357 905

291 1396 467 1476 θεότρεπτα
486 1404 547 1460 tres
571 1404 601 1459 et
621 1401 732 1476 quarti,
753 1399 862 1458 Veneti
881 1400 1004 1474 prioris,
1026 1417 1083 1456 ma.
1100 1416 1157 1456 sec.
1178 1396 1296 1457 habent.
1326 1417 1355 1457 v.
1372 1398 1433 1457 888

291 1498 412 1577 ἄνδρος
427 1521 504 1561 uuus
519 1505 635 1561 tantum
650 1501 788 1577 egregius
802 1500 923 1560 Mediol.
939 1501 1078 1571 servavit,
1094 1499 1145 1574 qui
1161 1499 1221 1556 913
1237 1517 1303 1556 cum
1320 1497 1434 1557 duobus

291 1603 482 1662 Triclinianis
503 1600 589 1678 ἐμῶν
610 1599 733 1679 μελέων
748 1603 884 1677 praebet,
901 1621 989 1676 quae,
1005 1602 1115 1676 absque
1129 1599 1182 1656 illo
1196 1597 1288 1672 foret,
1304 1600 1434 1675 interpo-

290 1703 364 1762 latio
385 1707 450 1763 erat
468 1703 634 1762 iudicanda.
679 1702 755 1763 alius
775 1704 975 1763 vetustiorum
996 1704 1056 1762 879
1083 1697 1307 1775 περίκλυςτον,
1333 1719 1434 1760 omnes

295 1807 356 1863 889
372 1800 554 1880 μεςάκτους,
571 1806 633 1864 900
648 1799 794 1867 ἑλλάνων
809 1800 1028 1879 001ἑλλήνων,
1044 1798 1192 1864 ἐλαύνων
1203 1804 1322 1859 tantum
1337 1802 1434 1862 novis-

291 1906 389 1967 vimus
409 1924 496 1965 unus.
538 1905 712 1964 Tricliniani
732 1905 777 1963 illi
803 1925 877 1965 saec.
897 1904 1002 1977 XIHI,
1029 1900 1323 1980 (011κωλομετρίαν
1350 1923 1435 1978 saepe

291 2008 485 2067 vetustiorem
505 2007 537 2066 in
556 2009 652 2083 primo
673 2007 866 2082 quaternione
887 2026 1020 2066 servasse
1043 2008 1114 2064 sunt
1133 2005 1200 2078 visi,
1221 2025 1250 2064 v.
1266 2006 1327 2064 899
1350 2000 1362 2083 {l
1383 2002 1436 2064 καὶ

291 2105 349 2169 τὰς
363 2105 555 2171 εὐκτεάνου(
576 2103 588 2187 ΙΙ
609 2106 689 2169 κατὰ
704 2107 824 2182 κλῆρον
840 2102 943 2168 ἰόνιον
959 2102 1185 2181 πολυάνδρου(
1206 2100 1218 2185 ΙΙ
1234 2106 1386 2179 scribunt,
1407 2106 1440 2164 in

292 2229 351 2284 quo
366 2210 497 2269 melioris
513 2210 677 2284 scripturae
692 2209 834 2267 indicium
848 2207 934 2267 latet.

376 2310 508 2370 Lenibus
533 2310 698 2370 Hermanni
722 2309 979 2369 emendationibus
1005 2309 1118 2368 duabus
1149 2309 1242 2368 adieci
1268 2309 1379 2368 similes
1405 2329 1435 2367 v.

293 2413 354 2470 819
376 2414 439 2472 880
465 2414 579 2487 πρῶκα
605 2415 636 2470 01
662 2412 701 2491 τᾷ
724 2407 768 2471 δέ.
813 2429 940 2485 namque
965 2430 1069 2470 verum
1091 2411 1210 2485 quidem
1230 2413 1284 2482 est,
1305 2410 1435 2470 Lesbum

293 2511 399 2571 Chium
420 2512 540 2571 Samum
564 2514 636 2572 sitas
656 2532 719 2572 esse
739 2512 777 2569 ad
796 2512 1000 2586 promontoria
1014 2511 1127 2570 Lecton
1141 2512 1285 2571 Mimanta
1299 2511 1435 2588 Mycalen

292 2618 323 2672 01
344 2634 361 2671 0
382 2614 470 2673 choro
490 2614 565 2694 τᾷδε
585 2615 641 2693 γᾷ,
663 2613 765 2687 Αο100,
790 2614 938 2672 accenseri
951 2631 1046 2687 posse,
1062 2631 1237 2687 quamquam
1252 2612 1301 2673 vel
1314 2613 1370 2671 hoe
1385 2614 1435 2672 vix

295 2716 527 2790 exspectaveris:
558 2714 714 2791 Cyclades,
736 2734 810 2790 quae
831 2718 1010 2790 sequuntur,
1032 2733 1127 2789 neque
1147 2714 1249 2773 eodem
1273 2716 1360 2789 paeto
1385 2714 1434 2772 ad·

294 2817 454 2893 significari
477 2818 609 2893 potuisse
635 2821 665 2876 et
693 2817 783 2876 simili
808 2816 906 2892 aliqua
931 2817 1096 2875 adiectione
1121 2816 1267 2890 debuisse,
1294 2835 1434 2892 apparere

293 2921 366 2993 puto
392 2939 427 2978 ex
448 2937 497 2990 00,
520 2919 598 2993 quod
619 2938 693 2993 quae
713 2918 804 2976 tertio
825 2918 890 2977 loco
912 2921 1079 2993 ponuntur,
1102 2912 1249 2992 ἀγχίαλοι
1269 2913 1435 2994 μέςαγκτοι

293 3020 439 3093 dicuntur,
465 3023 499 3078 10
523 3021 581 3078 alto
605 3022 683 3078 mori
705 3020 816 3078 medice
840 3021 985 3087 10010οο0,
1005 3020 1031 3078 01
1050 3018 1138 3077 modo
1153 3015 1325 3094 μέςαγκτος
1342 3019 1434 3078 solius

293 3120 382 3178 Laur.
403 3123 434 3179 et
454 3119 633 3180 scholiorum
658 3124 776 3195 praeter
799 3121 1019 3179 recentissimos
1034 3120 1178 3195 quosdam
1197 3120 1289 3180 libros
1309 3123 1434 3180 auctori·

293 3218 356 3280 tate
371 3242 434 3280 sese
449 3220 593 3279 tuebitur.
629 3217 777 3296 κατάγχει
798 3224 877 3280 certe
898 3220 935 3279 ab
950 3221 1099 3296 Hesychia
1121 3218 1235 3281 κωλύει
1250 3218 1372 3297 κατέχει
1387 3241 1434 3281 ex·

292 3324 424 3397 ponitur.
455 3322 523 3381 dedi
536 3323 630 3399 igitur
645 3324 692 3382 hic
706 3341 822 3398 quoque
837 3323 950 3397 πρῶκα
965 3318 1058 3384 ἅλιον
1073 3342 1108 3382 eo
1123 3341 1220 3395 sensu,
1236 3341 1294 3397 quo
1308 3321 1435 3403 ποντία,

296 3418 418 3501 έναλία,
440 3420 591 3484 θαλαςςία
611 3420 726 3498 δρόςος
742 3423 777 3481 de
792 3424 867 3481 mari
881 3425 948 3498 ipso
962 3443 1024 3483 non
1039 3428 1085 3483 est
1099 3421 1270 3504 infrequens
1285 3425 1363 3500 apud
1376 3429 1434 3484 tra-

294 3525 386 3601 gicos.
416 3523 617 3583 emendationi
632 3526 730 3584 minus
745 3525 880 3583 fortassis
896 3528 994 3583 certae
1008 3524 1173 3584 Hermanni
1188 3512 1216 3584 1.
1224 3526 1285 3585 905
1301 3525 1434 3602 adposui,

295 3645 384 3701 quam
408 3626 503 3684 fateor
527 3626 764 3684 incertissimam.
822 3624 968 3685 librorum
990 3645 1123 3684 meorum
1145 3607 1333 3688 vetustorum
1357 3646 1434 3687 unus

293 3723 368 3787 τάδ’
390 3720 442 3805 αύ,
462 3723 538 3806 φέρ,
558 3726 642 3798 alter,
664 3726 805 3798 Venetus,
826 3723 864 3787 τά
879 3723 913 3787 δ’
928 3721 968 3800 ἦν
983 3721 1032 3798 αὖ,
1055 3727 1109 3786 sub
1125 3746 1182 3803 qua
1196 3746 1268 3788 voce
1282 3727 1319 3786 ab
1333 3729 1435 3788 eadem

293 3846 383 3886 manu
404 3824 444 3903 ἂρ
463 3828 590 3901 latebat,
613 3824 694 3906 φέρ,
714 3828 822 3886 tertius
837 3823 911 3888 τάδ’
926 3822 967 3888 αύ
983 3845 1073 3903 supra
1092 3828 1221 3903 ascripto
1237 3823 1296 3903 ’ἦν,
1312 3833 1434 3904 quartus

295 3948 369 3987 saec.
385 3928 474 3987 XHII
490 3925 566 3990 τάδε
587 3924 651 4005 φέρ
670 3928 789 3987 habent.
820 3923 995 4004 ἀναφέρειν
1010 3928 1124 4002 aliquot
1137 3929 1233 3989 modia
1247 3931 1341 4006 accipi
1353 3934 1434 4006 pote·

294 4030 349 4105 rit3
372 4030 506 4091 dativum
525 4030 682 4089 admittere
702 4030 821 4089 videtur
835 4030 915 4105 apud
930 4029 1112 4106 Euripidem,
1128 4030 1177 4088 Or.
1194 4031 1255 4091 426
1271 4035 1302 4091 01
1316 4033 1347 4090 in
1361 4032 1434 4091 locis

295 4130 375 4206 apud
396 4129 579 4206 Stephanum
598 4131 757 4207 adpositis:
781 4131 806 4191 si
828 4132 982 4207 displiceat
997 4130 1119 4189 audacia
1134 4130 1224 4204 chori,
1239 4151 1340 4208 regem
1353 4134 1434 4193 incu-

294 4232 404 4304 santis,
427 4232 639 4307 intellexerim,
658 4237 749 4308 prout
768 4233 956 4309 Thucydides
976 4233 1144 4307 usurpavit,
1166 4231 1243 4295 τοὺς
1257 4217 1434 4296 ικινδύνους

295 4327 453 4409 ἀναφέρει
474 4334 502 4405 3,
519 4334 568 4406 38,
585 4335 612 4404 3,
628 4334 711 4392 nullo
727 4334 965 4406 constructionis,
980 4337 1012 4391 at
1026 4332 1125 4408 aliquo
1140 4333 1317 4395 elocutionis
1332 4335 1434 4395 discri-

294 4435 374 4492 mine
396 4433 433 4491 ab
455 4452 503 4506 00,
525 4433 604 4508 quod
624 4434 715 4511 vulgo
736 4436 846 4509 fertur,
867 4432 1023 4509 πάλμυςιν
1043 4454 1060 4492 a
1080 4430 1256 4511 θεότρεπτα
1281 4456 1433 4513 suspenso.

295 4531 481 4610 πολέμοιςιν
496 4534 678 4610 Byzantinos
692 4536 851 4596 extricasse
865 4536 1007 4610 putabam
1020 4556 1037 4594 e
1050 4536 1193 4596 vocabulo
1208 4537 1313 4611 ionico,
1329 4538 1434 4597 fortas-
