3659 5600
942 450 962 512 8

378 636 439 700 Αϊ.
462 638 599 700 πολλοῖτ
620 636 679 715 μὲν
701 632 752 699 ἀεὶ
772 635 936 715 νυκτέροιε
958 636 1117 716 ὀνείρατιν

464 753 585 832 ξύνειμ’
606 752 670 833 ἀφ’
692 751 795 832 ούπερ
816 756 891 818 παῖε
912 755 988 834 έμόε
1012 754 1133 819 ετείλαε
1154 757 1290 833 ετρατὸν

463 871 593 937 Ἰαόνων
614 875 675 950 γῆν
698 871 819 950 οἴχεται
840 872 952 951 πέρται
974 871 1093 936 θέλων·

462 988 539 1054 ἀλλ’
561 989 630 1055 ούτι
652 1010 705 1055 πω
726 990 854 1056 τοιόνδ’
874 991 1008 1069 έναργὲε
1030 989 1159 1071 εἰδόμην

464 1108 510 1173 ὼε
531 1111 586 1186 τῆτ
607 1109 762 1187 πάροιθεν
784 1108 957 1190 εύφρόνητ.
995 1108 1076 1175 λέξω
1099 1109 1135 1173 δέ
1157 1129 1216 1176 τοι.

463 1227 618 1306 ἐδοξάτην
640 1247 694 1307 μοι
717 1226 777 1292 δύο
798 1227 926 1303 γυναῖκ’
948 1227 1109 1309 εὐείμονε,

461 1345 482 1423 ἡ
504 1346 561 1423 μέν
583 1345 731 1410 πέπλοιο
751 1345 919 1425 Περεικοῖε
939 1345 1113 1427 ἠεκημένη,

462 1464 482 1542 ἡ
506 1462 539 1528 δ’
561 1461 637 1528 αὖτε
658 1464 867 1543 Δωρικοῖειν,
890 1463 935 1528 εἰ(
957 1461 1037 1542 ὄψιν
1059 1467 1188 1546 μολεῖν,

462 1581 587 1661 μεγέθει
608 1584 729 1646 τετῶν
751 1585 812 1648 νῦν
834 1581 1069 1661 ἐκπρεπεετάτα
1090 1581 1191 1664 πολύ,

463 1699 573 1764 κάλλει
594 1698 627 1763 τ’
649 1698 770 1779 ἀμώμω
792 1701 844 1765 καὶ
865 1702 1037 1779 καειγνήτα
1057 1698 1174 1775 γένουε

463 1815 593 1883 ταύτού.
629 1817 754 1898 πάτραν
777 1819 813 1883 δ’
834 1818 963 1901 ἔναιον,
984 1817 1004 1897 ἡ
1027 1819 1085 1899 μὲν
1107 1816 1243 1883 Ἑλλάδα

396 1964 415 1969 ⁴·
464 1935 572 2018 κλήρῳ
594 1938 736 2015 λαχούεα
756 1938 868 2019 γαῖαν,
891 1937 910 2015 ὴ
934 1936 969 2001 δὲ
992 1935 1166 2016 βάρβαρον.

463 2053 570 2119 τούτω
594 2053 698 2120 ετάειν
719 2053 799 2134 τίν’,
823 2054 868 2119 ύιε
890 2054 956 2129 ἐγὼ
979 2051 1115 2118 ’δύκουν
1137 2053 1235 2134 όρᾶν,

463 2172 587 2251 τεύχειν
609 2172 645 2235 έν
668 2171 842 2250 άλλήλαιτι.
886 2175 963 2235 παῖε
985 2171 1018 2236 δ’
1040 2171 1115 2250 ἐμόε
1136 2172 1248 2250 μαθὼν

464 2292 589 2368 κατεῖχε
611 2289 812 2372 κάπράϋνεν,
834 2289 968 2370 άμμαειν
991 2289 1025 2355 δ’
1046 2289 1111 2354 ὑπὸ

466 2408 630 2485 Ζεύγνυτιν
654 2405 742 2472 αύτὼ
763 2408 815 2472 καὶ
837 2406 975 2473 λέπαδν’
997 2407 1059 2472 ὑπ’
1080 2407 1228 2485 αὐχένων

465 2525 575 2605 τίθηει.
619 2525 658 2605 χή
681 2527 739 2606 μὲν
760 2527 834 2610 τῇδ’
856 2525 1038 2604 ἐπυργοῦτο
1061 2528 1157 2608 ετολῇ

469 2643 506 2709 ἐν
527 2642 641 2722 ἡνίαιεί
662 2644 695 2707 τ’
717 2642 805 2723 εῖχεν
827 2643 983 2722 εὔαρκτον
1005 2643 1117 2722 ετόμα·

465 2760 485 2838 ἡ
508 2762 542 2826 δ’
564 2760 738 2845 έτφάδᾳζε,
759 2762 810 2826 καλ
831 2764 941 2842 χεροῖν
963 2760 1038 2841 ἔντη
1060 2761 1179 2842 δίφρου

387 2957 389 2960 ¹
469 2880 704 2963 διατποιράττει,
726 2881 779 2945 καὶ
798 2880 991 2960 ξυναρπάζει
1013 2879 1064 2964 βίᾳ

469 2997 549 3077 ἀμύξ
571 2999 692 3076 χαλινὼ
715 2998 765 3062 καὶ
786 2997 884 3074 ζυγὸν
907 2998 1018 3077 θραύει
1040 2998 1147 3076 μέεον.

466 3115 573 3180 πίπτει
595 3116 629 3180 δ’
650 3115 726 3195 ἐμόε
747 3119 840 3197 παῖε,
863 3116 915 3180 καὶ
936 3118 1041 3195 πατὴρ
1062 3116 1246 3195 παρίεταται

466 3233 608 3311 Δαρεῖοε
630 3231 794 3323 οἰκτείρων
816 3234 885 3313 εφέ.
928 3234 987 3298 τόν
1011 3233 1045 3298 δ’
1066 3233 1156 3299 όπωε
1177 3234 1239 3315 ὁρᾷ

470 3350 607 3436 Ξέρξηε,
628 3352 775 3416 πέπλου(
796 3351 946 3431 ρήγνυειν
969 3351 1050 3440 ἀμφὶ
1072 3352 1197 3429 εώματι.

446 3494 450 3501 ’
469 3469 641 3553 καὶταῦτα
661 3470 720 3547 μὲν
741 3470 781 3547 δὴ
802 3469 919 3559 νυκτόε
931 3469 1065 3534 -είειδεῑν
1089 3470 1182 3545 λέγω.

469 3586 539 3651 ἐπεὶ
554 3586 594 3650 δ’
615 3585 749 3667 άνέετην
771 3589 823 3652 καλ
843 3591 955 3668 χεροῖν
976 3588 1169 3667 καλλιρρόου

469 3703 596 3783 έψαυεα
616 3708 734 3787 πηγῆε,
757 3705 815 3770 εύν
836 3705 990 3790 θυηπόλῳ
1012 3706 1080 3785 χερὶ

470 3822 579 3901 βωμὸν
601 3822 792 3905 προεέετην,
814 3822 1026 3902 ἀποτρόπαια
1048 3824 1190 3902 δαίμοτιν

469 3939 606 4029 θέλουτα
627 3943 715 4005 θύται
737 3941 896 4028 πελανόν,
920 3939 968 4007 ὧν
990 3941 1064 4019 τέλη
1086 3942 1172 4006 τάδε.

471 4057 540 4136 ὁρῶ
563 4059 599 4123 δὲ
621 4058 780 4138 φεύγοντ’
802 4057 899 4125 άετόν
921 4060 1003 4139 πρότ
1025 4058 1161 4138 ἐεχάραν

472 4174 608 4255 Φοίβου·
630 4176 725 4260 φόβῳ
747 4175 780 4241 δ’
802 4175 971 4257 ἄφθογγοε
992 4178 1142 4262 ἐετάθην,
1163 4178 1268 4257 φίλοι·

469 4292 661 4372 μεθύττερον
684 4295 720 4358 δὲ
741 4293 850 4372 κίρκον
873 4292 987 4373 είτοριῖι
1012 4294 1122 4379 δρόμῳ

470 4416 598 4488 πτερῶν
621 4409 862 4490 ἐφορμαίνοντα
883 4412 936 4476 καὶ
957 4416 1069 4490 χηλαῖτ
1091 4412 1173 4491 κάρα

470 4525 627 4619 τίλλονθ’·
656 4527 733 4621 ἔπιδ’
755 4527 852 4594 οὐδὲν
874 4527 956 4595 άλλο
977 4530 1013 4606 γ’
1033 4530 1053 4610 ἢ
1075 4529 1194 4607 πτήξαε
1216 4530 1312 4608 δέμαε
