3659 5600
947 493 989 556 44

404 685 623 743 discernuntur.
681 685 845 759 scripturae
873 703 968 760 genus
997 685 1077 744 unde
1105 685 1130 743 is
1160 702 1242 744 error
1274 684 1376 743 iterari
1404 684 1544 759 potuerit,

401 786 523 863 ignoro:
545 785 598 845 sed
618 786 876 862 frequentissimus
897 788 944 845 est
963 786 1081 861 ubique,
1102 787 1158 845 hcc
1178 785 1298 862 quidem
1317 785 1383 844 loco
1406 785 1479 844 satis
1493 803 1544 845 ve-

400 888 509 959 tustus,
530 906 597 946 cum
617 887 722 947 scholii
747 886 909 946 admonitio
929 887 1010 945 bona
1029 887 1239 965 grammaticae
1259 890 1395 962 tempora
1419 885 1545 961 prodere

401 988 547 1048 videatur.
592 988 747 1049 emendavi
772 988 862 1046 etiam
887 1008 915 1048 v.
939 989 999 1047 338
1032 989 1143 1047 leniore
1168 988 1283 1048 medela
1308 1007 1398 1064 quam
1421 990 1545 1048 antehac

400 1089 524 1148 factum.
554 1090 640 1149 codd.
655 1090 716 1149 fere
732 1108 834 1149 omnes
849 1085 941 1151 vasti
955 1105 1001 1162 κρ.
1042 1090 1163 1165 quaein
1178 1090 1263 1149 codd.
1280 1108 1357 1149 saec.
1373 1088 1448 1147 XIII
1461 1108 1544 1166 gras·

401 1193 484 1250 satur
508 1209 527 1253 ν
552 1191 725 1267 paragogici
745 1190 896 1266 expulsio,
918 1190 1015 1248 aliena
1034 1192 1080 1249 est
1099 1209 1117 1248 a
1137 1192 1201 1250 cod.
1217 1190 1322 1249 Leon:
1343 1191 1545 1266 quaerendum

400 1292 494 1369 igItur
513 1295 560 1352 est
579 1292 659 1368 quod
677 1311 752 1352 saec.
768 1292 827 1351 XII
848 1291 999 1369 legentem
1020 1291 1122 1350 fallere
1143 1293 1285 1367 potuerit.
1315 1291 1421 1352 vocula
1435 1289 1486 1353 καί
1505 1293 1542 1351 ab

401 1397 527 1470 utroque
548 1392 635 1454 Laur.
658 1395 756 1454 scriba
780 1394 822 1453 ita
846 1396 999 1467 exaratur,
1031 1393 1075 1451 uti
1101 1396 1182 1452 extat
1207 1393 1238 1451 in
1264 1392 1384 1454 scholiis
1410 1392 1542 1468 Ohoepb.

400 1495 520 1555 tabulae
542 1495 753 1555 Dindorfianae
773 1516 821 1555 vv.
839 1496 899 1555 371
925 1496 987 1554 380
1007 1494 1068 1553 384
1088 1494 1202 1570 Herm,
1222 1495 1339 1555 lineolis
1355 1495 1469 1554 duabus
1484 1514 1544 1554 non

400 1596 476 1655 bene
499 1615 587 1672 saepe
606 1597 731 1671 iunctis,
753 1616 878 1672 quarum
898 1597 1044 1672 posterior
1064 1597 1172 1655 omissa
1190 1597 1333 1674 relinquit
1352 1597 1469 1656 solitam
1486 1595 1543 1656 for-

400 1717 479 1756 mam
495 1713 504 1757 ι
520 1717 587 1758 cum
600 1699 694 1776 gravi.
731 1694 781 1758 καί
802 1697 984 1775 significabit
1002 1699 1045 1757 oet
1058 1700 1193 1771 maxime,
1214 1701 1249 1757 ut
1264 1698 1371 1776 Agam.
1388 1699 1448 1758 363
1470 1697 1542 1758 cho.

401 1800 463 1859 880
485 1801 515 1858 et
535 1818 610 1875 quae
630 1800 789 1859 Homerica
808 1800 840 1858 in
860 1800 937 1859 libro
957 1799 1068 1858 maiore
1089 1799 1187 1859 attuli.
1223 1800 1388 1876 temperavi
1402 1800 1439 1858 ab
1454 1801 1543 1858 attre-

400 1901 509 1960 ctando
525 1921 554 1960 v.
571 1902 641 1973 298,
657 1920 718 1960 non
733 1920 791 1978 quo
803 1895 967 1977 ἄνανδρον
980 1900 1099 1960 defendi
1113 1920 1202 1976 posse
1216 1901 1392 1975 existimem,
1408 1901 1460 1961 sed
1474 1901 1543 1977 quia

398 2003 547 2080 glossema
560 2003 662 2078 potius
677 2003 795 2062 videtur
809 2022 898 2079 quam
919 2002 1099 2078 comuptela.
1133 2003 1245 2063 conieci
1258 2004 1290 2062 in
1304 2004 1392 2076 libro,
1412 2005 1542 2062 erratum

398 2122 463 2163 esse
477 2106 510 2163 in
523 2123 596 2164 voce
611 2105 803 2165 insolentiore
819 2101 998 2182 ἄναμπρον,
1015 2106 1104 2165 ducta
1117 2105 1154 2164 sb
1169 2101 1298 2181 ἄμπρον
1313 2101 1351 2166 τὸ
1366 2100 1541 2180 τεταμένον

400 2200 541 2280 (χοινὶον
565 2202 591 2284 ᾧ
614 2203 759 2282 ἐχρῶντο
781 2202 853 2268 ἀντὶ
867 2201 979 2286 ῥυμοῦ,
1001 2207 1047 2265 uti
1060 2207 1151 2266 habet
1165 2207 1351 2282 Hesychius3
1367 2206 1462 2283 magis
1476 2224 1542 2281 per·

398 2308 498 2382 spicue
514 2305 636 2380 Suidas,
658 2302 800 2383 (χοινίον
816 2303 897 2383 ὅπερ
913 2305 966 2369 διὰ
980 2306 1046 2369 τῶν
1061 2308 1166 2379 ζυγῶν
1182 2302 1371 2369 διατείνουο
1394 2304 1446 2368 καὶ
1460 2323 1542 2384 φορ·

397 2404 448 2468 τία
477 2403 534 2486 ἐφ’
568 2403 686 2483 ἁμάξης
713 2405 912 2488 reptionem,
944 2404 1024 2469 ὥετε
1055 2403 1314 2485 oporteatque
1342 2409 1408 2471 τῶν
1435 2409 1541 2481 ζυγῶν

397 2505 550 2570 ἕλκεεθαι.
603 2510 746 2584 putabam
774 2510 955 2571 translatum
989 2509 1026 2567 ad
1054 2510 1181 2585 quodvis
1209 2510 1419 2569 moderaminis
1447 2529 1541 2587 genus

395 2608 632 2687 significandum.

481 2711 516 2770 P.
531 2729 603 2771 vnn
624 2710 685 2789 (vv.
702 2712 762 2771 341
778 2709 905 2789 ad'384)
928 2711 1024 2772 scriba
1042 2713 1123 2789 prior
1137 2714 1224 2787 plura
1238 2713 1451 2789 propemodum
1470 2732 1488 2771 a
1509 2732 1539 2773 se

398 2814 555 2874 commissa
570 2817 622 2873 aut
636 2815 844 2889 praetermissa
859 2815 1028 2875 emendavit
1042 2833 1131 2891 quam
1146 2814 1306 2889 diorthota,
1322 2816 1354 2875 in
1369 2837 1397 2876 v.
1414 2818 1475 2877 362
1491 2836 1539 2876 ex·

396 2917 509 2991 puncta
529 2916 572 2975 ita
592 2916 689 2991 priore
710 2916 865 2991 scriptura,
885 2918 921 2974 ut
935 2935 971 2975 ex
986 2913 1074 2975 Laur.
1089 2935 1250 2991 numquam
1264 2918 1423 2994 propagari
1437 2921 1540 2994 potue·

395 3017 450 3090 rit,
472 3035 546 3091 quae
566 3020 667 3076 tamen
687 3018 720 3076 in
738 3017 953 3076 recentioribus
977 3016 1064 3076 libris
1089 3019 1247 3092 comparet.
1289 3037 1360 3078 usus
1380 3019 1474 3095 igitur
1494 3023 1540 3079 est

396 3118 566 3177 discrimine
585 3119 617 3176 in
636 3118 703 3192 ipso
725 3119 886 3194 archetypo
901 3118 1053 3190 adnotato,
1068 3137 1156 3193 quem
1170 3117 1330 3177 admodum
1344 3139 1373 3178 v.
1390 3121 1449 3179 371
1466 3117 1539 3196 κρά-

394 3215 450 3279 rb(
473 3218 584 3294 duplici
605 3221 728 3279 accentu
747 3219 889 3279 instruxit
909 3218 1095 3293 quodetiam
1116 3218 1227 3277 scholia
1241 3219 1361 3279 habent.
1391 3221 1449 3280 alia
1463 3222 1539 3282 eius·

395 3320 463 3378 dem
483 3320 565 3379 modi
587 3339 636 3379 vv.
653 3320 715 3380 364
732 3321 792 3379 366
814 3339 831 3378 a
852 3320 1002 3378 diorthota
1022 3321 1093 3378 sunt
1112 3323 1257 3394 correcta,
1279 3321 1412 3396 quicum
1427 3322 1539 3383 scholia

394 3421 538 3481 scriberet
560 3420 696 3480 lacunam
715 3442 745 3496 p.
761 3422 818 3494 80,
841 3423 879 3479 17
902 3421 1057 3479 inventam
1076 3439 1138 3480 non
1157 3420 1294 3481 habuisse
1314 3422 1434 3482 videtur
1460 3423 1538 3482 unde

394 3523 559 3582 resarciret.
588 3522 665 3581 nihil
683 3525 836 3597 receptum
858 3525 904 3582 est
924 3522 987 3581 sine
1007 3521 1113 3580 idonea
1133 3524 1319 3583 auctoritate.
1352 3543 1414 3583 non
1433 3524 1539 3584 admisi

394 3644 422 3683 v.
439 3624 500 3684 379
522 3618 668 3697 ἐκθύμου,
690 3623 767 3698 quod
790 3624 822 3681 in
842 3642 902 3682 uno
923 3642 1057 3683 meorum
1076 3624 1150 3683 satis
1170 3624 1295 3683 notabili
1315 3625 1414 3684 sedin
1428 3625 1538 3685 talibus

394 3725 499 3784 dubiae
521 3744 608 3800 saepe
628 3724 697 3783 fidei
722 3725 854 3801 repperi:
884 3724 967 3783 nolui
988 3725 1049 3784 375
1071 3743 1106 3783 ex
1126 3725 1249 3784 arbitrio
1268 3725 1429 3802 refingere,
1457 3727 1537 3801 quod

393 3826 495 3886 multis
516 3826 612 3886 modis
634 3826 705 3885 fieri.
718 3828 828 3901 potest.
858 3828 890 3884 at
909 3826 1031 3885 exhibui
1045 3826 1106 3885 345
1121 3822 1167 3886 τί(
1182 3846 1217 3885 ex
1233 3829 1347 3902 septem
1361 3826 1447 3886 libris
1461 3829 1536 3887 meis

393 3931 424 3988 et
439 3927 532 3987 adieci
547 3927 752 4003 interrogandi
767 3927 886 4003 signum
900 3948 930 3987 v.
944 3928 1093 4003 proximo:
1115 3927 1183 3986 dedi
1203 3928 1264 3987 348
1280 3923 1328 3989 ἔτ’
1348 3922 1401 4001 dp’
1420 3947 1457 3986 ex
1471 3929 1536 4005 ipso

393 4028 482 4087 Laur.
499 4031 530 4088 et
543 4046 604 4087 uno
618 4046 759 4100 meorum,
775 4046 902 4104 quorum
917 4028 975 4087 duo
991 4024 1032 4089 ἔν)
1053 4024 1107 4104 ἂρ’
1132 4029 1240 4105 reliqui
1261 4025 1308 4090 ἔτ’
1333 4024 1387 4104 ἄρ’
1407 4028 1534 4089 habent:

393 4131 453 4189 379
475 4128 538 4190 πᾶ(
558 4125 593 4189 θ’
612 4148 647 4188 ex
667 4131 809 4205 quattuor
822 4130 907 4204 moia,
924 4129 949 4189 si
963 4129 1051 4189 modo
1067 4130 1227 4206 diligenter
1240 4131 1366 4206 inspexi.
1396 4131 1535 4206 inprimis

393 4232 454 4291 347
470 4231 507 4288 ad
523 4230 584 4289 349
600 4249 693 4306 usque
714 4230 880 4289 Hermanni
899 4232 975 4290 ratio
995 4230 1141 4290 librorum
1159 4230 1336 4291 auctoritate
1351 4230 1459 4291 abhinc
1472 4252 1536 4291 mu·

391 4333 455 4391 nita
474 4331 541 4391 en't.
575 4331 607 4389 bi
627 4350 730 4391 versus
750 4350 851 4391 omnes
872 4333 904 4390 in
919 4331 1008 4391 Laur.
1023 4350 1117 4391 novae
1136 4350 1280 4407 personae
1299 4335 1401 4391 notam
1415 4330 1535 4407 habent,

391 4434 481 4493 etiam
495 4433 566 4506 349,
590 4432 670 4508 quod
684 4431 875 4492 Hermannus
889 4432 1055 4509 ignorabat,
1070 4433 1117 4491 uti
1131 4434 1221 4492 etiam
1236 4433 1297 4492 347
1315 4433 1376 4493 348
1391 4435 1425 4492 in
1438 4433 1535 4493 ternis

391 4538 443 4593 aut
463 4533 541 4592 binis
561 4534 774 4593 vetustioribus
794 4535 882 4607 meis,
905 4535 966 4593 349
986 4534 1018 4591 in
1039 4533 1160 4593 Mediol.
1182 4534 1300 4611 egregio
1320 4534 1434 4593 adiecta
1459 4534 1535 4611 sigla
