3659 5600
969 498 1026 564 18‘

500 687 626 772 Θρῄκην
649 688 845 769 περάςαντες
866 688 957 767 μόγις
978 690 1091 773 πολλῷ
1113 688 1222 773 πόνῳ,

498 806 627 884 ἥκοοςιν
650 806 862 889 ἐκφυγόντες,
886 807 926 872 οὐ
948 807 1068 872 πολλοί
1089 827 1189 887 τινες,

498 924 557 1005 ἐφ’
579 923 743 1003 ἑςτιοῦχον
765 928 876 1002 γαῖαν·
905 926 951 990 ὡς
973 925 1093 990 ςτένειν
1115 924 1210 989 πόλιν

499 1041 648 1127 Περςιῖιν,
670 1046 834 1108 ποθοῖιςαν
857 1043 1012 1123 φιλτάτην
1034 1044 1114 1123 ἥβην
1137 1043 1263 1122 χθονός.

484 1160 593 1225 ταῦτ’
613 1159 681 1226 ἐςτ’
703 1158 818 1239 άληθῆ·
841 1163 948 1227 πολλὰ
969 1162 1002 1225 δ’
1024 1160 1161 1227 ἐκλείπω
1185 1161 1288 1237 λέγων

497 1282 620 1360 κακῶν,
643 1278 664 1341 ἃ
684 1278 820 1358 Πέρςαις
843 1279 1076 1360 ἐγκατέςκηψεν
1098 1280 1181 1345 θεός.

420 1394 528 1461 Χο.ὧ
552 1396 728 1474 δυςπόνητε
752 1399 882 1476 δαῖμον,
907 1397 952 1462 ὡς
974 1397 1056 1473 ἄγαν
1079 1398 1176 1479 βαρὺς

498 1516 616 1579 ποδοῖν
640 1514 781 1592 ἐνήλλου
802 1516 899 1580 παντὶ
922 1517 1066 1598 Περςικῷ
1088 1516 1182 1592 γένει.

411 1631 471 1696 ΑΤ.
500 1632 532 1696 οῖ
554 1631 612 1707 ’γὼ
634 1632 769 1699 τάλαινα
791 1633 1073 1713 διαπεπραγμένου
1096 1638 1244 1713 ςτρατοῖι·

498 1747 525 1812 ὦ
548 1750 662 1816 νυκτός
684 1749 761 1831 όψις
783 1750 928 1833 ἐμφανὴς
950 1751 1126 1836 ἐνυπνίων,

499 1868 544 1933 ιῖις
566 1868 665 1947 κάρτα
687 1890 740 1949 μοι
761 1872 873 1949 ςαφῶς
895 1850 1058 1949 ἐδήλωςας
1080 1872 1169 1936 κακά.

496 1984 585 2065 ὑμεῖς
607 1988 643 2051 δέ
665 1987 799 2068 φαύλως
822 1987 896 2052 αὔτ’
921 1986 1003 2065 ἄγαν
1026 1989 1177 2069 ἐκρίνατε.

498 2103 586 2183 ὅμως
609 2104 652 2187 δ’,
675 2104 784 2184 ἐπειδὴ
806 2106 881 2190 τῇδ’
903 2105 1062 2184 ἐκύρωςεν
1084 2107 1179 2188 φάτις

497 2221 604 2299 ὑμῶν,
627 2225 713 2288 θεοῖς
735 2223 792 2302 μὲν
814 2227 946 2301 πρῶτον
969 2224 1114 2292 εὔξαςθαι
1135 2226 1234 2291 θέλω·

497 2338 607 2403 ἔπειτα
628 2345 668 2423 γῇ
690 2360 724 2404 τε
746 2342 797 2404 καὶ
818 2346 946 2421 φθιτοῖς
968 2344 1138 2421 δωρήματα

495 2456 562 2533 ἥξω
584 2460 725 2539 λαβοθςα
746 2460 889 2526 πελανόν
912 2460 944 2526 ἐξ
967 2460 1066 2526 οίκων
1089 2461 1188 2541 ἐμῶν,

496 2574 660 2656 ἐπίςταμαι
680 2577 738 2655 μὲν
761 2577 806 2641 ὡς
828 2576 884 2642 ἐπ’
909 2577 1176 2663 ἐξειργαςμένοις,

496 2690 573 2758 ἀλλ’
594 2693 628 2758 ἐς
648 2695 686 2758 τό
710 2695 824 2759 λοιπὸν
848 2693 877 2760 εί
901 2718 930 2761 τι
952 2698 991 2775 δὴ
1014 2700 1102 2781 λῷον
1124 2698 1226 2764 πέλοι.

495 2811 577 2890 ἡμᾶς
600 2812 635 2877 δὲ
657 2815 716 2893 χρὴ
738 2813 784 2879 ’πὶ
805 2818 910 2880 τοῖςδε
932 2820 1000 2881 τοῖς
1023 2817 1258 2896 πεπραγμένοις

494 2931 626 2995 πιςτοῖςι
648 2933 741 2996 πιςτὰ
762 2933 933 3013 ξυμφέρειν
958 2935 1171 3015 βουλεύματα·

496 3048 547 3111 καὶ
568 3047 671 3130 παιδ’,
694 3048 751 3114 ἐάν
773 3070 835 3128 περ
857 3052 948 3130 δεῦρ’
971 3053 1049 3131 ἐμοῦ
1072 3053 1211 3131 πρόςθεν
1232 3054 1329 3137 μόλῃ,

495 3168 707 3245 παρηγορεῖτε
729 3168 781 3232 καὶ
802 3170 1008 3249 προπέμπετ’
1029 3171 1062 3237 ἐς
1084 3172 1219 3256 δόμους,

495 3282 536 3361 μὴ
559 3283 609 3347 καί
630 3305 659 3348 τι
680 3285 763 3363 πρὸς
785 3289 904 3351 κακοῖςι
927 3293 1099 3367 προςθῆται
1121 3290 1229 3355 κακόν.

414 3398 476 3464 ΧΟ.
499 3397 526 3461 ὧ
548 3400 612 3465 Ζεῦ
635 3404 777 3484 βαςιλεθ,
799 3408 858 3469 νῦν
881 3404 1016 3483 Περςιθν

494 3521 559 3584 τῶν
580 3520 790 3599 μεγαλαύχων
812 3524 863 3586 καὶ
885 3523 1100 3603 πολυάνδρων

495 3636 642 3714 ςτρατιάν
665 3636 778 3703 όλέςας

494 3753 571 3818 ἄςτυ
593 3756 630 3819 τό
654 3754 784 3823 (ούςων
806 3757 860 3834 ἠδ’
882 3759 1087 3840 Ἀγβατάνων

493 3871 603 3938 πένθει
626 3878 779 3959 δνοφερῷ
801 3863 1015 3958 κατέκρυψας

493 3991 611 4055 πολλαί
633 3991 667 4054 δ’
688 3991 826 4057 ἁπαλαῖς
848 3997 933 4074 χερςὶ
954 3996 1129 4076 καλύπτραι

492 4108 747 4188 κατερεικόμεναι
772 4114 995 4193 διαμυδαλέοις

494 4226 621 4305 δάκρυςι
644 4227 785 4295 κόλπους

493 4342 641 4419 τέγγους’
662 4344 782 4424 ἄλγους
803 4348 996 4428 μετέχονται.

494 4459 539 4542 [αἱ
561 4461 596 4526 δ’
618 4461 772 4543 άβρογόοι
793 4465 946 4544 Περςίδες
968 4466 1097 4547 ἀνδρῶν

493 4578 665 4645 ποθέουςαι
688 4581 767 4647 ἰδεῖν
790 4582 987 4670 ἀρτιζυγίαν,
