<?xml version="1.0" encoding="UTF-8"?>
<!DOCTYPE html PUBLIC "-//W3C//DTD XHTML 1.0 Transitional//EN"
    "http://www.w3.org/TR/xhtml1/DTD/xhtml1-transitional.dtd">
<html xmlns="http://www.w3.org/1999/xhtml" xml:lang="en" lang="en">
 <head>
  <title>
</title>
<meta http-equiv="Content-Type" content="text/html;charset=utf-8" />
  <meta name='ocr-system' content='tesseract 3.04.00' />
  <meta name='ocr-capabilities' content='ocr_page ocr_carea ocr_par ocr_line ocrx_word'/>
</head>
<body>
  <div class='ocr_page' id='page_1' title='image "aeschylipersae00merkgoog_0074.png"; bbox 0 0 3659 5600; ppageno 0'>
   <div class='ocr_carea' id='block_1_1' title="bbox 956 539 998 604">
    <p class='ocr_par' dir='ltr' id='par_1_1' title="bbox 956 539 998 604">
     <span class='ocr_line' id='line_1_1' title="bbox 956 539 998 604; baseline -0.119 0"><span class='ocrx_word' id='word_1_1' title='bbox 956 539 998 604; x_wconf 88' lang='grc'>50</span> 
     </span>
    </p>
   </div>
   <div class='ocr_carea' id='block_1_2' title="bbox 382 716 1549 4656">
    <p class='ocr_par' dir='ltr' id='par_1_2' title="bbox 389 716 1549 2730">
     <span class='ocr_line' id='line_1_2' title="bbox 389 716 1547 808; baseline -0.003 -14"><span class='ocrx_word' id='word_1_2' title='bbox 389 716 472 794; x_wconf 81' lang='grc'>5656.</span> <span class='ocrx_word' id='word_1_3' title='bbox 508 754 537 795; x_wconf 82' lang='lat' dir='ltr'>v.</span> <span class='ocrx_word' id='word_1_4' title='bbox 554 734 615 794; x_wconf 92' lang='grc'>609</span> <span class='ocrx_word' id='word_1_5' title='bbox 637 728 797 795; x_wconf 79' lang='grc' dir='ltr'>ἐιτείλατο</span> <span class='ocrx_word' id='word_1_6' title='bbox 818 731 869 791; x_wconf 81' lang='lat' dir='ltr'>vix</span> <span class='ocrx_word' id='word_1_7' title='bbox 890 733 988 807; x_wconf 92' lang='lat' dir='ltr'>ipsum</span> <span class='ocrx_word' id='word_1_8' title='bbox 1008 751 1043 790; x_wconf 83' lang='lat' dir='ltr'>ex</span> <span class='ocrx_word' id='word_1_9' title='bbox 1063 750 1106 806; x_wconf 85' lang='lat' dir='ltr'>eo,</span> <span class='ocrx_word' id='word_1_10' title='bbox 1129 733 1209 808; x_wconf 92' lang='lat' dir='ltr'>quod</span> <span class='ocrx_word' id='word_1_11' title='bbox 1223 731 1316 792; x_wconf 84' lang='grc'>66516</span> <span class='ocrx_word' id='word_1_12' title='bbox 1330 731 1547 808; x_wconf 76' lang='lat' dir='ltr'>antiquioribus</span> 
     </span>
     <span class='ocr_line' id='line_1_3' title="bbox 402 830 1548 915; baseline -0.002 -20"><span class='ocrx_word' id='word_1_13' title='bbox 402 837 491 909; x_wconf 90' lang='lat' dir='ltr'>meis,</span> <span class='ocrx_word' id='word_1_14' title='bbox 514 831 637 897; x_wconf 77' lang='grc' dir='ltr'>ἔιτειλα</span> <span class='ocrx_word' id='word_1_15' title='bbox 655 836 702 915; x_wconf 83' lang='grc' dir='ltr'>τῷ</span> <span class='ocrx_word' id='word_1_16' title='bbox 724 830 840 895; x_wconf 82' lang='grc' dir='ltr'>παιδὸ(</span> <span class='ocrx_word' id='word_1_17' title='bbox 854 831 964 909; x_wconf 88' lang='grc' dir='ltr'>πατρί,</span> <span class='ocrx_word' id='word_1_18' title='bbox 986 833 1137 892; x_wconf 85' lang='lat' dir='ltr'>induxisse</span> <span class='ocrx_word' id='word_1_19' title='bbox 1151 836 1326 910; x_wconf 87' lang='lat' dir='ltr'>putaverim,</span> <span class='ocrx_word' id='word_1_20' title='bbox 1349 834 1429 909; x_wconf 88' lang='lat' dir='ltr'>quod</span> <span class='ocrx_word' id='word_1_21' title='bbox 1444 833 1548 894; x_wconf 80' lang='lat' dir='ltr'>Tricli-</span> 
     </span>
     <span class='ocr_line' id='line_1_4' title="bbox 401 931 1548 1012; baseline -0.002 -16"><span class='ocrx_word' id='word_1_22' title='bbox 401 939 483 996; x_wconf 87' lang='lat' dir='ltr'>niani</span> <span class='ocrx_word' id='word_1_23' title='bbox 507 938 576 996; x_wconf 91' lang='lat' dir='ltr'>inde</span> <span class='ocrx_word' id='word_1_24' title='bbox 604 938 739 1010; x_wconf 78' lang='lat' dir='ltr'>fecerimt</span> <span class='ocrx_word' id='word_1_25' title='bbox 771 931 970 1010; x_wconf 75' lang='grc' dir='ltr'>ἐετειλάμην,</span> <span class='ocrx_word' id='word_1_26' title='bbox 998 936 1049 1011; x_wconf 90' lang='lat' dir='ltr'>qui</span> <span class='ocrx_word' id='word_1_27' title='bbox 1075 935 1222 994; x_wconf 88' lang='lat' dir='ltr'>diversam</span> <span class='ocrx_word' id='word_1_28' title='bbox 1246 956 1264 993; x_wconf 93' lang='lat' dir='ltr'>a</span> <span class='ocrx_word' id='word_1_29' title='bbox 1289 935 1377 997; x_wconf 90' lang='lat' dir='ltr'>Laur.</span> <span class='ocrx_word' id='word_1_30' title='bbox 1404 937 1548 1012; x_wconf 81' lang='lat' dir='ltr'>originem</span> 
     </span>
     <span class='ocr_line' id='line_1_5' title="bbox 402 1037 1549 1114; baseline 0 -18"><span class='ocrx_word' id='word_1_31' title='bbox 402 1039 523 1098; x_wconf 91' lang='lat' dir='ltr'>habent.</span> <span class='ocrx_word' id='word_1_32' title='bbox 554 1039 681 1097; x_wconf 87' lang='lat' dir='ltr'>alterum</span> <span class='ocrx_word' id='word_1_33' title='bbox 695 1056 789 1113; x_wconf 89' lang='lat' dir='ltr'>aeque</span> <span class='ocrx_word' id='word_1_34' title='bbox 800 1037 912 1112; x_wconf 84' lang='lat' dir='ltr'>puerile</span> <span class='ocrx_word' id='word_1_35' title='bbox 923 1037 1220 1112; x_wconf 70' lang='lat' dir='ltr'>interpretamentum</span> <span class='ocrx_word' id='word_1_36' title='bbox 1234 1057 1269 1096; x_wconf 84' lang='lat' dir='ltr'>ex</span> <span class='ocrx_word' id='word_1_37' title='bbox 1280 1039 1414 1113; x_wconf 83' lang='lat' dir='ltr'>margine</span> <span class='ocrx_word' id='word_1_38' title='bbox 1429 1038 1549 1114; x_wconf 88' lang='lat' dir='ltr'>irrepsit</span> 
     </span>
     <span class='ocr_line' id='line_1_6' title="bbox 406 1138 1546 1215; baseline -0.002 -15"><span class='ocrx_word' id='word_1_39' title='bbox 406 1160 435 1199; x_wconf 89' lang='lat' dir='ltr'>v.</span> <span class='ocrx_word' id='word_1_40' title='bbox 452 1142 522 1213; x_wconf 88' lang='grc'>589,</span> <span class='ocrx_word' id='word_1_41' title='bbox 547 1141 628 1215; x_wconf 88' lang='lat' dir='ltr'>quod</span> <span class='ocrx_word' id='word_1_42' title='bbox 647 1158 709 1198; x_wconf 91' lang='lat' dir='ltr'>non</span> <span class='ocrx_word' id='word_1_43' title='bbox 729 1140 771 1197; x_wconf 86' lang='lat' dir='ltr'>ita</span> <span class='ocrx_word' id='word_1_44' title='bbox 790 1138 867 1215; x_wconf 87' lang='lat' dir='ltr'>legit</span> <span class='ocrx_word' id='word_1_45' title='bbox 889 1138 1057 1212; x_wconf 89' lang='lat' dir='ltr'>scholiasta,</span> <span class='ocrx_word' id='word_1_46' title='bbox 1077 1158 1132 1198; x_wconf 91' lang='lat' dir='ltr'>nec</span> <span class='ocrx_word' id='word_1_47' title='bbox 1146 1139 1256 1197; x_wconf 87' lang='lat' dir='ltr'>habent</span> <span class='ocrx_word' id='word_1_48' title='bbox 1269 1139 1340 1197; x_wconf 90' lang='lat' dir='ltr'>libri</span> <span class='ocrx_word' id='word_1_49' title='bbox 1353 1140 1546 1214; x_wconf 80' lang='lat' dir='ltr'>recentiores3</span> 
     </span>
     <span class='ocr_line' id='line_1_7' title="bbox 403 1239 1548 1317; baseline -0.002 -18"><span class='ocrx_word' id='word_1_50' title='bbox 403 1245 434 1300; x_wconf 89' lang='lat' dir='ltr'>at</span> <span class='ocrx_word' id='word_1_51' title='bbox 449 1241 677 1317; x_wconf 81' lang='lat' dir='ltr'>deprehendisse</span> <span class='ocrx_word' id='word_1_52' title='bbox 692 1241 811 1300; x_wconf 86' lang='lat' dir='ltr'>videtur</span> <span class='ocrx_word' id='word_1_53' title='bbox 825 1240 858 1297; x_wconf 91' lang='lat' dir='ltr'>in</span> <span class='ocrx_word' id='word_1_54' title='bbox 872 1240 1036 1316; x_wconf 85' lang='lat' dir='ltr'>archetypo</span> <span class='ocrx_word' id='word_1_55' title='bbox 1051 1241 1160 1300; x_wconf 90' lang='lat' dir='ltr'>codicis</span> <span class='ocrx_word' id='word_1_56' title='bbox 1171 1239 1260 1298; x_wconf 90' lang='lat' dir='ltr'>Laur.</span> <span class='ocrx_word' id='word_1_57' title='bbox 1276 1240 1433 1312; x_wconf 82' lang='lat' dir='ltr'>diorthota,</span> <span class='ocrx_word' id='word_1_58' title='bbox 1450 1242 1502 1315; x_wconf 89' lang='lat' dir='ltr'>qui</span> <span class='ocrx_word' id='word_1_59' title='bbox 1516 1241 1548 1298; x_wconf 92' lang='lat' dir='ltr'>in</span> 
     </span>
     <span class='ocr_line' id='line_1_8' title="bbox 402 1336 1548 1419; baseline -0.003 -17"><span class='ocrx_word' id='word_1_60' title='bbox 402 1344 552 1419; x_wconf 88' lang='lat' dir='ltr'>scriptura</span> <span class='ocrx_word' id='word_1_61' title='bbox 572 1343 685 1418; x_wconf 82' lang='lat' dir='ltr'>primae</span> <span class='ocrx_word' id='word_1_62' title='bbox 706 1361 811 1400; x_wconf 88' lang='lat' dir='ltr'>manus</span> <span class='ocrx_word' id='word_1_63' title='bbox 832 1340 921 1399; x_wconf 88' lang='lat' dir='ltr'>Laur.</span> <span class='ocrx_word' id='word_1_64' title='bbox 938 1336 1089 1416; x_wconf 82' lang='grc' dir='ltr'>ἄρξονται</span> <span class='ocrx_word' id='word_1_65' title='bbox 1113 1336 1263 1416; x_wconf 76' lang='grc' dir='ltr'>βαείλεια·</span> <span class='ocrx_word' id='word_1_66' title='bbox 1283 1337 1302 1415; x_wconf 86' lang='grc' dir='ltr'>ἡ</span> <span class='ocrx_word' id='word_1_67' title='bbox 1320 1339 1457 1418; x_wconf 79' lang='grc' dir='ltr'>βαιιλικὴ</span> <span class='ocrx_word' id='word_1_68' title='bbox 1472 1342 1548 1410; x_wconf 84' lang='lat' dir='ltr'>nihil</span> 
     </span>
     <span class='ocr_line' id='line_1_9' title="bbox 402 1439 1547 1518; baseline -0.003 -15"><span class='ocrx_word' id='word_1_69' title='bbox 402 1445 561 1503; x_wconf 81' lang='lat' dir='ltr'>correxerit</span> <span class='ocrx_word' id='word_1_70' title='bbox 580 1444 639 1502; x_wconf 89' lang='lat' dir='ltr'>nisi</span> <span class='ocrx_word' id='word_1_71' title='bbox 659 1447 825 1515; x_wconf 90' lang='lat' dir='ltr'>accentum,</span> <span class='ocrx_word' id='word_1_72' title='bbox 848 1439 1002 1518; x_wconf 79' lang='grc' dir='ltr'>βαείλεία,</span> <span class='ocrx_word' id='word_1_73' title='bbox 1025 1442 1137 1502; x_wconf 84' lang='grc'>66111665</span> <span class='ocrx_word' id='word_1_74' title='bbox 1156 1442 1278 1501; x_wconf 85' lang='lat' dir='ltr'>alterius</span> <span class='ocrx_word' id='word_1_75' title='bbox 1300 1443 1404 1501; x_wconf 86' lang='lat' dir='ltr'>scholii</span> <span class='ocrx_word' id='word_1_76' title='bbox 1423 1443 1547 1501; x_wconf 87' lang='lat' dir='ltr'>admini-</span> 
     </span>
     <span class='ocr_line' id='line_1_10' title="bbox 402 1541 1546 1624; baseline -0.003 -19"><span class='ocrx_word' id='word_1_77' title='bbox 402 1546 475 1619; x_wconf 86' lang='lat' dir='ltr'>culo,</span> <span class='ocrx_word' id='word_1_78' title='bbox 492 1547 602 1605; x_wconf 90' lang='lat' dir='ltr'>omisso</span> <span class='ocrx_word' id='word_1_79' title='bbox 617 1563 637 1621; x_wconf 83' lang='lat'>1,</span> <span class='ocrx_word' id='word_1_80' title='bbox 653 1564 708 1621; x_wconf 92' lang='lat' dir='ltr'>pro</span> <span class='ocrx_word' id='word_1_81' title='bbox 724 1541 872 1624; x_wconf 79' lang='grc' dir='ltr'>βαειλείᾳ,</span> <span class='ocrx_word' id='word_1_82' title='bbox 893 1544 1028 1603; x_wconf 80' lang='lat' dir='ltr'>fortassis</span> <span class='ocrx_word' id='word_1_83' title='bbox 1043 1544 1132 1603; x_wconf 90' lang='lat' dir='ltr'>etiam</span> <span class='ocrx_word' id='word_1_84' title='bbox 1152 1547 1275 1604; x_wconf 88' lang='lat' dir='ltr'>accentu</span> <span class='ocrx_word' id='word_1_85' title='bbox 1295 1545 1360 1619; x_wconf 89' lang='lat' dir='ltr'>ipso</span> <span class='ocrx_word' id='word_1_86' title='bbox 1385 1544 1477 1603; x_wconf 92' lang='lat' dir='ltr'>altero</span> <span class='ocrx_word' id='word_1_87' title='bbox 1499 1545 1546 1602; x_wconf 90' lang='lat' dir='ltr'>de-</span> 
     </span>
     <span class='ocr_line' id='line_1_11' title="bbox 403 1641 1547 1723; baseline -0.002 -18"><span class='ocrx_word' id='word_1_88' title='bbox 403 1649 523 1723; x_wconf 91' lang='lat' dir='ltr'>sumpto</span> <span class='ocrx_word' id='word_1_89' title='bbox 539 1666 574 1705; x_wconf 84' lang='lat' dir='ltr'>ex</span> <span class='ocrx_word' id='word_1_90' title='bbox 588 1646 757 1723; x_wconf 86' lang='lat' dir='ltr'>archetypo,</span> <span class='ocrx_word' id='word_1_91' title='bbox 779 1665 847 1704; x_wconf 88' lang='lat' dir='ltr'>cum</span> <span class='ocrx_word' id='word_1_92' title='bbox 860 1646 893 1703; x_wconf 94' lang='lat' dir='ltr'>in</span> <span class='ocrx_word' id='word_1_93' title='bbox 907 1665 973 1704; x_wconf 90' lang='lat' dir='ltr'>meo</span> <span class='ocrx_word' id='word_1_94' title='bbox 988 1645 1131 1704; x_wconf 87' lang='lat' dir='ltr'>Vaticano</span> <span class='ocrx_word' id='word_1_95' title='bbox 1153 1641 1290 1721; x_wconf 80' lang='grc' dir='ltr'>βαειλεία</span> <span class='ocrx_word' id='word_1_96' title='bbox 1310 1648 1403 1704; x_wconf 86' lang='lat' dir='ltr'>extet:</span> <span class='ocrx_word' id='word_1_97' title='bbox 1428 1646 1461 1703; x_wconf 95' lang='lat' dir='ltr'>in</span> <span class='ocrx_word' id='word_1_98' title='bbox 1480 1646 1547 1704; x_wconf 91' lang='lat' dir='ltr'>reli·</span> 
     </span>
     <span class='ocr_line' id='line_1_12' title="bbox 402 1743 1546 1825; baseline -0.003 -17"><span class='ocrx_word' id='word_1_99' title='bbox 402 1751 468 1825; x_wconf 92' lang='lat' dir='ltr'>quis</span> <span class='ocrx_word' id='word_1_100' title='bbox 483 1748 620 1809; x_wconf 92' lang='lat' dir='ltr'>omnibus</span> <span class='ocrx_word' id='word_1_101' title='bbox 637 1743 784 1822; x_wconf 77' lang='grc' dir='ltr'>βαιίλεια.</span> <span class='ocrx_word' id='word_1_102' title='bbox 814 1747 894 1805; x_wconf 91' lang='lat' dir='ltr'>idem</span> <span class='ocrx_word' id='word_1_103' title='bbox 908 1747 1057 1806; x_wconf 89' lang='lat' dir='ltr'>diorthcta</span> <span class='ocrx_word' id='word_1_104' title='bbox 1071 1747 1219 1823; x_wconf 90' lang='lat' dir='ltr'>permulta</span> <span class='ocrx_word' id='word_1_105' title='bbox 1234 1748 1386 1822; x_wconf 86' lang='lat' dir='ltr'>supplevit</span> <span class='ocrx_word' id='word_1_106' title='bbox 1404 1751 1546 1805; x_wconf 77' lang='grc'>6561666-</span> 
     </span>
     <span class='ocr_line' id='line_1_13' title="bbox 400 1848 1546 1924; baseline -0.002 -16"><span class='ocrx_word' id='word_1_107' title='bbox 400 1850 496 1924; x_wconf 79' lang='lat' dir='ltr'>davit3</span> <span class='ocrx_word' id='word_1_108' title='bbox 517 1868 587 1907; x_wconf 89' lang='lat' dir='ltr'>nam</span> <span class='ocrx_word' id='word_1_109' title='bbox 608 1848 778 1923; x_wconf 90' lang='lat' dir='ltr'>quindecim</span> <span class='ocrx_word' id='word_1_110' title='bbox 797 1849 915 1906; x_wconf 87' lang='lat' dir='ltr'>tantum</span> <span class='ocrx_word' id='word_1_111' title='bbox 937 1867 1040 1907; x_wconf 86' lang='lat' dir='ltr'>versus</span> <span class='ocrx_word' id='word_1_112' title='bbox 1064 1867 1171 1907; x_wconf 84' lang='lat' dir='ltr'>vacuos</span> <span class='ocrx_word' id='word_1_113' title='bbox 1190 1848 1316 1923; x_wconf 90' lang='lat' dir='ltr'>reliquit</span> <span class='ocrx_word' id='word_1_114' title='bbox 1334 1849 1546 1907; x_wconf 83' lang='lat' dir='ltr'>additamentis</span> 
     </span>
     <span class='ocr_line' id='line_1_14' title="bbox 400 1948 1546 2024; baseline -0.002 -15"><span class='ocrx_word' id='word_1_115' title='bbox 400 1951 475 2024; x_wconf 85' lang='lat' dir='ltr'>suis,</span> <span class='ocrx_word' id='word_1_116' title='bbox 502 1949 667 2023; x_wconf 87' lang='lat' dir='ltr'>desumptis</span> <span class='ocrx_word' id='word_1_117' title='bbox 690 1949 753 2006; x_wconf 88' lang='lat' dir='ltr'>sine</span> <span class='ocrx_word' id='word_1_118' title='bbox 780 1948 871 2006; x_wconf 93' lang='lat' dir='ltr'>dubio</span> <span class='ocrx_word' id='word_1_119' title='bbox 892 1967 929 2006; x_wconf 80' lang='lat' dir='ltr'>ex</span> <span class='ocrx_word' id='word_1_120' title='bbox 955 1949 1131 2024; x_wconf 87' lang='lat' dir='ltr'>archetypo,</span> <span class='ocrx_word' id='word_1_121' title='bbox 1158 1948 1238 2024; x_wconf 92' lang='lat' dir='ltr'>quod</span> <span class='ocrx_word' id='word_1_122' title='bbox 1263 1950 1457 2008; x_wconf 89' lang='lat' dir='ltr'>conveniebat</span> <span class='ocrx_word' id='word_1_123' title='bbox 1479 1969 1546 2009; x_wconf 90' lang='lat' dir='ltr'>cum</span> 
     </span>
     <span class='ocr_line' id='line_1_15' title="bbox 399 2049 1545 2125; baseline -0.001 -15"><span class='ocrx_word' id='word_1_124' title='bbox 399 2051 486 2110; x_wconf 85' lang='lat' dir='ltr'>libris</span> <span class='ocrx_word' id='word_1_125' title='bbox 500 2049 724 2109; x_wconf 88' lang='lat' dir='ltr'>recentioribus.</span> <span class='ocrx_word' id='word_1_126' title='bbox 753 2049 1024 2125; x_wconf 81' lang='lat' dir='ltr'>interpunctionem</span> <span class='ocrx_word' id='word_1_127' title='bbox 1038 2053 1155 2109; x_wconf 89' lang='lat' dir='ltr'>tantum</span> <span class='ocrx_word' id='word_1_128' title='bbox 1169 2050 1303 2108; x_wconf 86' lang='lat' dir='ltr'>fortassis</span> <span class='ocrx_word' id='word_1_129' title='bbox 1318 2050 1495 2125; x_wconf 90' lang='lat' dir='ltr'>aliquotiens</span> <span class='ocrx_word' id='word_1_130' title='bbox 1511 2071 1545 2110; x_wconf 82' lang='lat' dir='ltr'>ex</span> 
     </span>
     <span class='ocr_line' id='line_1_16' title="bbox 400 2151 1544 2228; baseline -0.001 -17"><span class='ocrx_word' id='word_1_131' title='bbox 400 2153 523 2212; x_wconf 89' lang='lat' dir='ltr'>arbitrio</span> <span class='ocrx_word' id='word_1_132' title='bbox 538 2151 638 2228; x_wconf 89' lang='lat' dir='ltr'>posuit</span> <span class='ocrx_word' id='word_1_133' title='bbox 652 2153 684 2209; x_wconf 90' lang='lat' dir='ltr'>et</span> <span class='ocrx_word' id='word_1_134' title='bbox 697 2154 766 2209; x_wconf 87' lang='lat' dir='ltr'>ante</span> <span class='ocrx_word' id='word_1_135' title='bbox 781 2170 847 2209; x_wconf 86' lang='lat' dir='ltr'>eam</span> <span class='ocrx_word' id='word_1_136' title='bbox 861 2170 967 2227; x_wconf 86' lang='lat' dir='ltr'>graves</span> <span class='ocrx_word' id='word_1_137' title='bbox 983 2153 1086 2209; x_wconf 81' lang='lat' dir='ltr'>crexit.</span> <span class='ocrx_word' id='word_1_138' title='bbox 1116 2151 1208 2209; x_wconf 90' lang='lat' dir='ltr'>altero</span> <span class='ocrx_word' id='word_1_139' title='bbox 1224 2152 1358 2225; x_wconf 86' lang='lat' dir='ltr'>exemplo</span> <span class='ocrx_word' id='word_1_140' title='bbox 1373 2171 1434 2210; x_wconf 92' lang='lat' dir='ltr'>non</span> <span class='ocrx_word' id='word_1_141' title='bbox 1448 2171 1544 2225; x_wconf 86' lang='lat' dir='ltr'>usum,</span> 
     </span>
     <span class='ocr_line' id='line_1_17' title="bbox 399 2249 1543 2327; baseline -0.002 -15"><span class='ocrx_word' id='word_1_142' title='bbox 399 2255 508 2313; x_wconf 91' lang='lat' dir='ltr'>indicio</span> <span class='ocrx_word' id='word_1_143' title='bbox 528 2257 574 2312; x_wconf 90' lang='lat' dir='ltr'>est</span> <span class='ocrx_word' id='word_1_144' title='bbox 593 2249 677 2327; x_wconf 83' lang='grc' dir='ltr'>Ζήτει</span> <span class='ocrx_word' id='word_1_145' title='bbox 692 2252 730 2309; x_wconf 89' lang='lat' dir='ltr'>ad</span> <span class='ocrx_word' id='word_1_146' title='bbox 745 2271 794 2311; x_wconf 85' lang='lat' dir='ltr'>vv.</span> <span class='ocrx_word' id='word_1_147' title='bbox 811 2253 871 2310; x_wconf 96' lang='grc'>579</span> <span class='ocrx_word' id='word_1_148' title='bbox 888 2256 918 2310; x_wconf 87' lang='grc'>65</span> <span class='ocrx_word' id='word_1_149' title='bbox 934 2254 994 2311; x_wconf 91' lang='grc'>607</span> <span class='ocrx_word' id='word_1_150' title='bbox 1011 2252 1189 2327; x_wconf 89' lang='lat' dir='ltr'>adpositum.</span> <span class='ocrx_word' id='word_1_151' title='bbox 1223 2256 1338 2312; x_wconf 90' lang='lat' dir='ltr'>restant</span> <span class='ocrx_word' id='word_1_152' title='bbox 1352 2254 1425 2313; x_wconf 88' lang='lat' dir='ltr'>satis</span> <span class='ocrx_word' id='word_1_153' title='bbox 1440 2253 1543 2326; x_wconf 84' lang='lat' dir='ltr'>multa,</span> 
     </span>
     <span class='ocr_line' id='line_1_18' title="bbox 400 2352 1545 2431; baseline -0.001 -18"><span class='ocrx_word' id='word_1_154' title='bbox 400 2375 475 2431; x_wconf 91' lang='lat' dir='ltr'>quae</span> <span class='ocrx_word' id='word_1_155' title='bbox 489 2355 614 2426; x_wconf 88' lang='lat' dir='ltr'>rectius,</span> <span class='ocrx_word' id='word_1_156' title='bbox 637 2372 727 2429; x_wconf 88' lang='lat' dir='ltr'>quam</span> <span class='ocrx_word' id='word_1_157' title='bbox 741 2354 773 2411; x_wconf 92' lang='lat' dir='ltr'>in</span> <span class='ocrx_word' id='word_1_158' title='bbox 787 2352 891 2426; x_wconf 90' lang='lat' dir='ltr'>Laur.‚</span> <span class='ocrx_word' id='word_1_159' title='bbox 913 2356 1017 2412; x_wconf 86' lang='lat' dir='ltr'>extant</span> <span class='ocrx_word' id='word_1_160' title='bbox 1030 2355 1062 2411; x_wconf 92' lang='lat' dir='ltr'>in</span> <span class='ocrx_word' id='word_1_161' title='bbox 1076 2355 1149 2412; x_wconf 91' lang='lat' dir='ltr'>meis</span> <span class='ocrx_word' id='word_1_162' title='bbox 1164 2354 1266 2426; x_wconf 85' lang='lat' dir='ltr'>libris,</span> <span class='ocrx_word' id='word_1_163' title='bbox 1282 2357 1333 2412; x_wconf 87' lang='lat' dir='ltr'>aut</span> <span class='ocrx_word' id='word_1_164' title='bbox 1348 2355 1494 2428; x_wconf 89' lang='lat' dir='ltr'>omnibus,</span> <span class='ocrx_word' id='word_1_165' title='bbox 1510 2358 1545 2412; x_wconf 91' lang='lat' dir='ltr'>ut</span> 
     </span>
     <span class='ocr_line' id='line_1_19' title="bbox 400 2453 1545 2534; baseline -0.003 -19"><span class='ocrx_word' id='word_1_166' title='bbox 400 2458 461 2517; x_wconf 91' lang='grc'>576</span> <span class='ocrx_word' id='word_1_167' title='bbox 477 2456 539 2515; x_wconf 89' lang='grc'>594</span> <span class='ocrx_word' id='word_1_168' title='bbox 556 2457 631 2528; x_wconf 92' lang='grc'>606,</span> <span class='ocrx_word' id='word_1_169' title='bbox 652 2454 704 2512; x_wconf 84' lang='grc'>651</span> <span class='ocrx_word' id='word_1_170' title='bbox 724 2453 812 2512; x_wconf 90' lang='lat' dir='ltr'>Laur.</span> <span class='ocrx_word' id='word_1_171' title='bbox 828 2453 918 2534; x_wconf 85' lang='grc' dir='ltr'>τοῖα,</span> <span class='ocrx_word' id='word_1_172' title='bbox 941 2457 1016 2529; x_wconf 74' lang='grc'>610,</span> <span class='ocrx_word' id='word_1_173' title='bbox 1037 2457 1089 2512; x_wconf 85' lang='grc'>665</span> <span class='ocrx_word' id='word_1_174' title='bbox 1110 2455 1246 2513; x_wconf 88' lang='lat' dir='ltr'>omnibus</span> <span class='ocrx_word' id='word_1_175' title='bbox 1267 2458 1384 2529; x_wconf 88' lang='lat' dir='ltr'>praeter</span> <span class='ocrx_word' id='word_1_176' title='bbox 1397 2455 1545 2515; x_wconf 80' lang='lat' dir='ltr'>Veretum</span> 
     </span>
     <span class='ocr_line' id='line_1_20' title="bbox 398 2555 1543 2633; baseline 0.001 -19"><span class='ocrx_word' id='word_1_177' title='bbox 398 2558 542 2633; x_wconf 87' lang='lat' dir='ltr'>priorem,</span> <span class='ocrx_word' id='word_1_178' title='bbox 564 2557 626 2615; x_wconf 90' lang='grc'>598</span> <span class='ocrx_word' id='word_1_179' title='bbox 644 2556 719 2630; x_wconf 78' lang='grc'>602;</span> <span class='ocrx_word' id='word_1_180' title='bbox 742 2558 794 2614; x_wconf 88' lang='grc'>665</span> <span class='ocrx_word' id='word_1_181' title='bbox 808 2555 922 2615; x_wconf 91' lang='lat' dir='ltr'>Veneto</span> <span class='ocrx_word' id='word_1_182' title='bbox 937 2557 1035 2630; x_wconf 89' lang='lat' dir='ltr'>priore</span> <span class='ocrx_word' id='word_1_183' title='bbox 1051 2559 1081 2614; x_wconf 91' lang='lat' dir='ltr'>et</span> <span class='ocrx_word' id='word_1_184' title='bbox 1095 2556 1229 2629; x_wconf 86' lang='lat' dir='ltr'>noviciis,</span> <span class='ocrx_word' id='word_1_185' title='bbox 1246 2558 1321 2630; x_wconf 76' lang='lat'>5773</span> <span class='ocrx_word' id='word_1_186' title='bbox 1340 2559 1392 2614; x_wconf 87' lang='lat' dir='ltr'>aut</span> <span class='ocrx_word' id='word_1_187' title='bbox 1406 2575 1465 2615; x_wconf 93' lang='lat' dir='ltr'>uno</span> <span class='ocrx_word' id='word_1_188' title='bbox 1480 2560 1543 2615; x_wconf 87' lang='lat' dir='ltr'>tan·</span> 
     </span>
     <span class='ocr_line' id='line_1_21' title="bbox 398 2657 1054 2730; baseline -0.002 -13"><span class='ocrx_word' id='word_1_189' title='bbox 398 2661 463 2717; x_wconf 90' lang='lat' dir='ltr'>tum</span> <span class='ocrx_word' id='word_1_190' title='bbox 476 2658 594 2717; x_wconf 91' lang='lat' dir='ltr'>novicio</span> <span class='ocrx_word' id='word_1_191' title='bbox 610 2657 671 2715; x_wconf 94' lang='grc'>586</span> <span class='ocrx_word' id='word_1_192' title='bbox 688 2658 749 2716; x_wconf 88' lang='grc'>588</span> <span class='ocrx_word' id='word_1_193' title='bbox 765 2658 836 2730; x_wconf 89' lang='grc'>591,</span> <span class='ocrx_word' id='word_1_194' title='bbox 853 2657 967 2717; x_wconf 89' lang='lat' dir='ltr'>duobus</span> <span class='ocrx_word' id='word_1_195' title='bbox 984 2658 1054 2717; x_wconf 88' lang='grc'>604.</span> 
     </span>
    </p>

    <p class='ocr_par' dir='ltr' id='par_1_3' title="bbox 382 2758 1544 3846">
     <span class='ocr_line' id='line_1_22' title="bbox 483 2758 1543 2835; baseline 0.001 -18"><span class='ocrx_word' id='word_1_196' title='bbox 483 2759 605 2818; x_wconf 89' lang='lat' dir='ltr'>Praeter</span> <span class='ocrx_word' id='word_1_197' title='bbox 625 2758 844 2818; x_wconf 85' lang='lat' dir='ltr'>emendationes</span> <span class='ocrx_word' id='word_1_198' title='bbox 869 2761 930 2819; x_wconf 92' lang='lat' dir='ltr'>tres</span> <span class='ocrx_word' id='word_1_199' title='bbox 951 2778 1059 2835; x_wconf 86' lang='lat' dir='ltr'>parvae</span> <span class='ocrx_word' id='word_1_200' title='bbox 1079 2759 1122 2818; x_wconf 91' lang='lat' dir='ltr'>rei</span> <span class='ocrx_word' id='word_1_201' title='bbox 1148 2758 1273 2818; x_wconf 90' lang='lat' dir='ltr'>Personi</span> <span class='ocrx_word' id='word_1_202' title='bbox 1298 2762 1329 2818; x_wconf 89' lang='lat' dir='ltr'>et</span> <span class='ocrx_word' id='word_1_203' title='bbox 1354 2758 1543 2833; x_wconf 86' lang='lat' dir='ltr'>Blomfieldii,</span> 
     </span>
     <span class='ocr_line' id='line_1_23' title="bbox 382 2857 1544 2941; baseline -0.001 -20"><span class='ocrx_word' id='word_1_204' title='bbox 382 2880 502 2921; x_wconf 74' lang='grc' dir='ltr'>Ι661661</span> <span class='ocrx_word' id='word_1_205' title='bbox 516 2864 551 2920; x_wconf 90' lang='grc'>65</span> <span class='ocrx_word' id='word_1_206' title='bbox 565 2861 637 2920; x_wconf 84' lang='grc'>66516</span> <span class='ocrx_word' id='word_1_207' title='bbox 656 2864 737 2919; x_wconf 87' lang='lat' dir='ltr'>recte</span> <span class='ocrx_word' id='word_1_208' title='bbox 758 2861 856 2918; x_wconf 90' lang='lat' dir='ltr'>omnia</span> <span class='ocrx_word' id='word_1_209' title='bbox 870 2861 1008 2920; x_wconf 89' lang='lat' dir='ltr'>habeant.</span> <span class='ocrx_word' id='word_1_210' title='bbox 1043 2881 1072 2919; x_wconf 83' lang='lat' dir='ltr'>v.</span> <span class='ocrx_word' id='word_1_211' title='bbox 1089 2862 1150 2920; x_wconf 93' lang='grc'>576</span> <span class='ocrx_word' id='word_1_212' title='bbox 1171 2857 1225 2921; x_wconf 86' lang='grc' dir='ltr'>ἁλὶ</span> <span class='ocrx_word' id='word_1_213' title='bbox 1240 2861 1329 2941; x_wconf 83' lang='grc' dir='ltr'>δεινᾷ</span> <span class='ocrx_word' id='word_1_214' title='bbox 1344 2863 1432 2920; x_wconf 92' lang='lat' dir='ltr'>nimis</span> <span class='ocrx_word' id='word_1_215' title='bbox 1447 2863 1544 2920; x_wconf 90' lang='lat' dir='ltr'>ieiune</span> 
     </span>
     <span class='ocr_line' id='line_1_24' title="bbox 398 2958 1543 3039; baseline 0.001 -20"><span class='ocrx_word' id='word_1_216' title='bbox 398 2963 511 3020; x_wconf 88' lang='lat' dir='ltr'>dictum</span> <span class='ocrx_word' id='word_1_217' title='bbox 531 2980 592 3020; x_wconf 92' lang='lat' dir='ltr'>non</span> <span class='ocrx_word' id='word_1_218' title='bbox 612 2962 724 3036; x_wconf 91' lang='lat' dir='ltr'>optime</span> <span class='ocrx_word' id='word_1_219' title='bbox 745 2963 883 3021; x_wconf 89' lang='lat' dir='ltr'>convenit</span> <span class='ocrx_word' id='word_1_220' title='bbox 903 2981 971 3021; x_wconf 89' lang='lat' dir='ltr'>cum</span> <span class='ocrx_word' id='word_1_221' title='bbox 993 2960 1050 3023; x_wconf 83' lang='grc' dir='ltr'>τᾶ(</span> <span class='ocrx_word' id='word_1_222' title='bbox 1065 2958 1235 3037; x_wconf 76' lang='grc' dir='ltr'>ἀμιάντουε</span> <span class='ocrx_word' id='word_1_223' title='bbox 1255 2959 1308 3022; x_wconf 86' lang='grc' dir='ltr'>ἁλὶ</span> <span class='ocrx_word' id='word_1_224' title='bbox 1329 2959 1393 3038; x_wconf 71' lang='lat' dir='ltr'>(dli</span> <span class='ocrx_word' id='word_1_225' title='bbox 1408 2984 1464 3021; x_wconf 92' lang='lat' dir='ltr'>ma.</span> <span class='ocrx_word' id='word_1_226' title='bbox 1484 2960 1543 3039; x_wconf 87' lang='lat' dir='ltr'>pr.)</span> 
     </span>
     <span class='ocr_line' id='line_1_25' title="bbox 398 3058 1544 3140; baseline -0.001 -17"><span class='ocrx_word' id='word_1_227' title='bbox 398 3060 488 3123; x_wconf 83' lang='grc' dir='ltr'>δεινὰ</span> <span class='ocrx_word' id='word_1_228' title='bbox 508 3062 598 3121; x_wconf 81' lang='lat' dir='ltr'>scribi</span> <span class='ocrx_word' id='word_1_229' title='bbox 617 3063 717 3136; x_wconf 90' lang='lat' dir='ltr'>potuit</span> <span class='ocrx_word' id='word_1_230' title='bbox 737 3081 791 3137; x_wconf 91' lang='lat' dir='ltr'>pro</span> <span class='ocrx_word' id='word_1_231' title='bbox 812 3058 995 3136; x_wconf 77' lang='grc' dir='ltr'>ἁλιδεινεῑι,</span> <span class='ocrx_word' id='word_1_232' title='bbox 1022 3059 1190 3140; x_wconf 76' lang='grc' dir='ltr'>ἁλιδινεῖε,</span> <span class='ocrx_word' id='word_1_233' title='bbox 1215 3082 1290 3139; x_wconf 88' lang='lat' dir='ltr'>quae</span> <span class='ocrx_word' id='word_1_234' title='bbox 1310 3081 1367 3123; x_wconf 85' lang='lat' dir='ltr'>vox</span> <span class='ocrx_word' id='word_1_235' title='bbox 1393 3067 1439 3123; x_wconf 89' lang='lat' dir='ltr'>est</span> <span class='ocrx_word' id='word_1_236' title='bbox 1463 3064 1544 3138; x_wconf 89' lang='lat' dir='ltr'>apud</span> 
     </span>
     <span class='ocr_line' id='line_1_26' title="bbox 397 3163 1542 3241; baseline 0 -19"><span class='ocrx_word' id='word_1_237' title='bbox 397 3164 486 3223; x_wconf 88' lang='lat' dir='ltr'>Dion.</span> <span class='ocrx_word' id='word_1_238' title='bbox 507 3163 617 3239; x_wconf 81' lang='lat' dir='ltr'>perieg.</span> <span class='ocrx_word' id='word_1_239' title='bbox 638 3165 709 3222; x_wconf 85' lang='grc'>908.</span> <span class='ocrx_word' id='word_1_240' title='bbox 752 3184 781 3222; x_wconf 83' lang='lat' dir='ltr'>r.</span> <span class='ocrx_word' id='word_1_241' title='bbox 805 3165 865 3223; x_wconf 81' lang='lat'>582</span> <span class='ocrx_word' id='word_1_242' title='bbox 887 3166 1022 3223; x_wconf 87' lang='grc'>665583</span> <span class='ocrx_word' id='word_1_243' title='bbox 1048 3164 1192 3222; x_wconf 87' lang='lat' dir='ltr'>medelam</span> <span class='ocrx_word' id='word_1_244' title='bbox 1219 3166 1368 3241; x_wconf 86' lang='lat' dir='ltr'>requirere</span> <span class='ocrx_word' id='word_1_245' title='bbox 1394 3166 1542 3224; x_wconf 85' lang='lat' dir='ltr'>videntur.</span> 
     </span>
     <span class='ocr_line' id='line_1_27' title="bbox 397 3260 1543 3341; baseline -0.001 -17"><span class='ocrx_word' id='word_1_246' title='bbox 397 3284 427 3324; x_wconf 82' lang='lat' dir='ltr'>r.</span> <span class='ocrx_word' id='word_1_247' title='bbox 443 3264 505 3323; x_wconf 88' lang='grc'>584</span> <span class='ocrx_word' id='word_1_248' title='bbox 519 3263 660 3322; x_wconf 89' lang='lat' dir='ltr'>Meinekii</span> <span class='ocrx_word' id='word_1_249' title='bbox 680 3260 825 3326; x_wconf 80' lang='grc' dir='ltr'>Ἀειανάν</span> <span class='ocrx_word' id='word_1_250' title='bbox 840 3266 931 3341; x_wconf 84' lang='lat' dir='ltr'>recipi</span> <span class='ocrx_word' id='word_1_251' title='bbox 946 3284 1040 3339; x_wconf 90' lang='lat' dir='ltr'>prope</span> <span class='ocrx_word' id='word_1_252' title='bbox 1056 3266 1219 3340; x_wconf 88' lang='lat' dir='ltr'>oportebat.</span> <span class='ocrx_word' id='word_1_253' title='bbox 1248 3287 1277 3326; x_wconf 84' lang='grc' dir='ltr'>ν.</span> <span class='ocrx_word' id='word_1_254' title='bbox 1295 3268 1357 3326; x_wconf 96' lang='grc'>600</span> <span class='ocrx_word' id='word_1_255' title='bbox 1371 3267 1450 3341; x_wconf 90' lang='lat' dir='ltr'>quod</span> <span class='ocrx_word' id='word_1_256' title='bbox 1465 3267 1543 3324; x_wconf 92' lang='lat' dir='ltr'>idem</span> 
     </span>
     <span class='ocr_line' id='line_1_28' title="bbox 398 3362 1543 3443; baseline -0.001 -18"><span class='ocrx_word' id='word_1_257' title='bbox 398 3367 598 3429; x_wconf 65' lang='lat' dir='ltr'>vir’summus</span> <span class='ocrx_word' id='word_1_258' title='bbox 617 3365 783 3441; x_wconf 86' lang='lat' dir='ltr'>temptabat</span> <span class='ocrx_word' id='word_1_259' title='bbox 798 3364 881 3440; x_wconf 83' lang='grc' dir='ltr'>δεῖμ’</span> <span class='ocrx_word' id='word_1_260' title='bbox 901 3362 991 3438; x_wconf 84' lang='grc' dir='ltr'>ἄγειν</span> <span class='ocrx_word' id='word_1_261' title='bbox 1006 3385 1062 3441; x_wconf 91' lang='lat' dir='ltr'>pro</span> <span class='ocrx_word' id='word_1_262' title='bbox 1078 3364 1257 3443; x_wconf 84' lang='grc' dir='ltr'>δειμαίνειν,</span> <span class='ocrx_word' id='word_1_263' title='bbox 1279 3368 1426 3442; x_wconf 90' lang='lat' dir='ltr'>premitur</span> <span class='ocrx_word' id='word_1_264' title='bbox 1440 3368 1543 3425; x_wconf 90' lang='lat' dir='ltr'>eodem</span> 
     </span>
     <span class='ocr_line' id='line_1_29' title="bbox 398 3464 1543 3543; baseline 0.001 -18"><span class='ocrx_word' id='word_1_265' title='bbox 398 3466 593 3539; x_wconf 88' lang='lat' dir='ltr'>incommodo,</span> <span class='ocrx_word' id='word_1_266' title='bbox 616 3486 675 3542; x_wconf 90' lang='lat' dir='ltr'>quo</span> <span class='ocrx_word' id='word_1_267' title='bbox 695 3467 823 3541; x_wconf 87' lang='lat' dir='ltr'>pristina</span> <span class='ocrx_word' id='word_1_268' title='bbox 838 3468 1056 3543; x_wconf 85' lang='lat' dir='ltr'>interpretatio,</span> <span class='ocrx_word' id='word_1_269' title='bbox 1079 3467 1159 3542; x_wconf 90' lang='lat' dir='ltr'>quod</span> <span class='ocrx_word' id='word_1_270' title='bbox 1173 3464 1361 3529; x_wconf 85' lang='grc' dir='ltr'>πεποιθέναι</span> <span class='ocrx_word' id='word_1_271' title='bbox 1375 3469 1543 3527; x_wconf 89' lang='lat' dir='ltr'>subiectum</span> 
     </span>
     <span class='ocr_line' id='line_1_30' title="bbox 397 3566 1541 3645; baseline 0.003 -20"><span class='ocrx_word' id='word_1_272' title='bbox 397 3587 459 3626; x_wconf 90' lang='lat' dir='ltr'>non</span> <span class='ocrx_word' id='word_1_273' title='bbox 479 3568 610 3627; x_wconf 79' lang='lat' dir='ltr'>habebit.</span> <span class='ocrx_word' id='word_1_274' title='bbox 651 3568 757 3643; x_wconf 86' lang='lat' dir='ltr'>scripsi</span> <span class='ocrx_word' id='word_1_275' title='bbox 777 3569 871 3644; x_wconf 85' lang='lat' dir='ltr'>igitur</span> <span class='ocrx_word' id='word_1_276' title='bbox 890 3569 1052 3628; x_wconf 90' lang='lat' dir='ltr'>secundum</span> <span class='ocrx_word' id='word_1_277' title='bbox 1076 3569 1184 3628; x_wconf 90' lang='lat' dir='ltr'>lemma</span> <span class='ocrx_word' id='word_1_278' title='bbox 1209 3569 1339 3645; x_wconf 87' lang='lat' dir='ltr'>Hesych.</span> <span class='ocrx_word' id='word_1_279' title='bbox 1370 3566 1541 3645; x_wconf 79' lang='grc' dir='ltr'>Βροτήιια·</span> 
     </span>
     <span class='ocr_line' id='line_1_31' title="bbox 398 3664 1542 3747; baseline 0.003 -19"><span class='ocrx_word' id='word_1_280' title='bbox 398 3664 598 3744; x_wconf 82' lang='grc' dir='ltr'>ἀνθρώπεια.</span> <span class='ocrx_word' id='word_1_281' title='bbox 612 3665 663 3729; x_wconf 86' lang='grc' dir='ltr'>καὶ</span> <span class='ocrx_word' id='word_1_282' title='bbox 683 3665 881 3747; x_wconf 86' lang='grc' dir='ltr'>ἀνθρώπινα,</span> <span class='ocrx_word' id='word_1_283' title='bbox 903 3670 983 3745; x_wconf 88' lang='lat' dir='ltr'>quod</span> <span class='ocrx_word' id='word_1_284' title='bbox 1003 3689 1071 3729; x_wconf 87' lang='lat' dir='ltr'>cum</span> <span class='ocrx_word' id='word_1_285' title='bbox 1085 3670 1172 3728; x_wconf 88' lang='lat' dir='ltr'>facile</span> <span class='ocrx_word' id='word_1_286' title='bbox 1185 3670 1218 3728; x_wconf 88' lang='lat' dir='ltr'>in</span> <span class='ocrx_word' id='word_1_287' title='bbox 1234 3669 1374 3747; x_wconf 80' lang='grc' dir='ltr'>βροτοῑιι</span> <span class='ocrx_word' id='word_1_288' title='bbox 1388 3670 1507 3743; x_wconf 87' lang='lat' dir='ltr'>abisset,</span> <span class='ocrx_word' id='word_1_289' title='bbox 1523 3688 1542 3731; x_wconf 88' lang='grc' dir='ltr'>ν</span> 
     </span>
     <span class='ocr_line' id='line_1_32' title="bbox 400 3770 1123 3846; baseline 0.001 -18"><span class='ocrx_word' id='word_1_290' title='bbox 400 3770 582 3829; x_wconf 89' lang='lat' dir='ltr'>instructum</span> <span class='ocrx_word' id='word_1_291' title='bbox 596 3772 670 3846; x_wconf 91' lang='lat' dir='ltr'>puto</span> <span class='ocrx_word' id='word_1_292' title='bbox 684 3771 722 3829; x_wconf 91' lang='lat' dir='ltr'>ab</span> <span class='ocrx_word' id='word_1_293' title='bbox 737 3771 951 3846; x_wconf 86' lang='lat' dir='ltr'>interpolatore</span> <span class='ocrx_word' id='word_1_294' title='bbox 966 3790 1040 3831; x_wconf 89' lang='lat' dir='ltr'>saec.</span> <span class='ocrx_word' id='word_1_295' title='bbox 1055 3771 1123 3829; x_wconf 88' lang='grc' dir='ltr'>ΧΠ.</span> 
     </span>
    </p>

    <p class='ocr_par' dir='ltr' id='par_1_4' title="bbox 383 3868 1543 4656">
     <span class='ocr_line' id='line_1_33' title="bbox 383 3868 1543 3949; baseline 0.003 -21"><span class='ocrx_word' id='word_1_296' title='bbox 383 3901 386 3908; x_wconf 94' lang='grc'>-</span> <span class='ocrx_word' id='word_1_297' title='bbox 483 3870 518 3929; x_wconf 92' lang='grc' dir='ltr'>Ρ.</span> <span class='ocrx_word' id='word_1_298' title='bbox 534 3890 575 3928; x_wconf 83' lang='lat' dir='ltr'>xv</span> <span class='ocrx_word' id='word_1_299' title='bbox 596 3868 657 3948; x_wconf 83' lang='lat' dir='ltr'>(vv.</span> <span class='ocrx_word' id='word_1_300' title='bbox 674 3874 735 3931; x_wconf 92' lang='grc'>616</span> <span class='ocrx_word' id='word_1_301' title='bbox 751 3872 789 3929; x_wconf 87' lang='lat' dir='ltr'>ad</span> <span class='ocrx_word' id='word_1_302' title='bbox 805 3869 878 3949; x_wconf 88' lang='grc'>659)</span> <span class='ocrx_word' id='word_1_303' title='bbox 899 3874 1013 3947; x_wconf 90' lang='lat' dir='ltr'>primae</span> <span class='ocrx_word' id='word_1_304' title='bbox 1032 3891 1137 3931; x_wconf 89' lang='lat' dir='ltr'>manus</span> <span class='ocrx_word' id='word_1_305' title='bbox 1159 3871 1254 3930; x_wconf 91' lang='lat' dir='ltr'>crebri</span> <span class='ocrx_word' id='word_1_306' title='bbox 1275 3875 1306 3929; x_wconf 90' lang='lat' dir='ltr'>et</span> <span class='ocrx_word' id='word_1_307' title='bbox 1319 3871 1416 3946; x_wconf 90' lang='lat' dir='ltr'>inepti</span> <span class='ocrx_word' id='word_1_308' title='bbox 1431 3891 1543 3932; x_wconf 90' lang='lat' dir='ltr'>errores</span> 
     </span>
     <span class='ocr_line' id='line_1_34' title="bbox 399 3969 1542 4048; baseline 0.001 -18"><span class='ocrx_word' id='word_1_309' title='bbox 399 3974 452 4030; x_wconf 89' lang='lat' dir='ltr'>aut</span> <span class='ocrx_word' id='word_1_310' title='bbox 467 3972 503 4030; x_wconf 89' lang='lat' dir='ltr'>ab</span> <span class='ocrx_word' id='word_1_311' title='bbox 519 3972 586 4046; x_wconf 87' lang='lat' dir='ltr'>ipsa</span> <span class='ocrx_word' id='word_1_312' title='bbox 600 3973 734 4045; x_wconf 88' lang='lat' dir='ltr'>correcti,</span> <span class='ocrx_word' id='word_1_313' title='bbox 750 3993 779 4032; x_wconf 89' lang='lat' dir='ltr'>v.</span> <span class='ocrx_word' id='word_1_314' title='bbox 792 3975 853 4032; x_wconf 89' lang='grc'>617</span> <span class='ocrx_word' id='word_1_315' title='bbox 868 3971 980 4036; x_wconf 81' lang='grc' dir='ltr'>ξανθὲ(</span> <span class='ocrx_word' id='word_1_316' title='bbox 996 3974 1057 4032; x_wconf 87' lang='grc'>633</span> <span class='ocrx_word' id='word_1_317' title='bbox 1072 3969 1269 4048; x_wconf 80' lang='grc' dir='ltr'>μακαρίεται,</span> <span class='ocrx_word' id='word_1_318' title='bbox 1286 3976 1338 4031; x_wconf 87' lang='grc'>665</span> <span class='ocrx_word' id='word_1_319' title='bbox 1351 3992 1369 4031; x_wconf 86' lang='grc'>6</span> <span class='ocrx_word' id='word_1_320' title='bbox 1384 3973 1542 4046; x_wconf 72' lang='grc'>(1161511656,</span> 
     </span>
     <span class='ocr_line' id='line_1_35' title="bbox 401 4069 1543 4149; baseline 0.001 -18"><span class='ocrx_word' id='word_1_321' title='bbox 401 4074 462 4132; x_wconf 88' lang='grc'>618</span> <span class='ocrx_word' id='word_1_322' title='bbox 479 4073 539 4131; x_wconf 75' lang='grc'>632</span> <span class='ocrx_word' id='word_1_323' title='bbox 555 4069 682 4147; x_wconf 77' lang='grc' dir='ltr'>πέτραι,</span> <span class='ocrx_word' id='word_1_324' title='bbox 706 4075 766 4134; x_wconf 88' lang='grc'>615</span> <span class='ocrx_word' id='word_1_325' title='bbox 781 4074 871 4133; x_wconf 91' lang='lat' dir='ltr'>fidem</span> <span class='ocrx_word' id='word_1_326' title='bbox 885 4079 986 4134; x_wconf 87' lang='lat' dir='ltr'>tamen</span> <span class='ocrx_word' id='word_1_327' title='bbox 1000 4076 1052 4134; x_wconf 83' lang='lat' dir='ltr'>vix</span> <span class='ocrx_word' id='word_1_328' title='bbox 1066 4075 1195 4146; x_wconf 86' lang='lat' dir='ltr'>faciunt,</span> <span class='ocrx_word' id='word_1_329' title='bbox 1212 4075 1391 4148; x_wconf 85' lang='lat' dir='ltr'>scripturam</span> <span class='ocrx_word' id='word_1_330' title='bbox 1405 4094 1470 4133; x_wconf 89' lang='lat' dir='ltr'>cam</span> <span class='ocrx_word' id='word_1_331' title='bbox 1483 4075 1543 4149; x_wconf 92' lang='lat' dir='ltr'>pri·</span> 
     </span>
     <span class='ocr_line' id='line_1_36' title="bbox 398 4171 1543 4252; baseline 0.003 -21"><span class='ocrx_word' id='word_1_332' title='bbox 398 4192 477 4231; x_wconf 90' lang='lat' dir='ltr'>mam</span> <span class='ocrx_word' id='word_1_333' title='bbox 492 4192 612 4232; x_wconf 89' lang='lat' dir='ltr'>manum</span> <span class='ocrx_word' id='word_1_334' title='bbox 628 4175 719 4234; x_wconf 88' lang='lat' dir='ltr'>fuisse</span> <span class='ocrx_word' id='word_1_335' title='bbox 733 4195 762 4236; x_wconf 83' lang='lat' dir='ltr'>v.</span> <span class='ocrx_word' id='word_1_336' title='bbox 775 4177 835 4235; x_wconf 93' lang='grc'>656</span> <span class='ocrx_word' id='word_1_337' title='bbox 848 4172 1006 4236; x_wconf 82' lang='grc' dir='ltr'>ὑπεδώκει</span> <span class='ocrx_word' id='word_1_338' title='bbox 1021 4178 1052 4235; x_wconf 88' lang='grc'>65</span> <span class='ocrx_word' id='word_1_339' title='bbox 1067 4179 1262 4234; x_wconf 85' lang='lat' dir='ltr'>correcturam</span> <span class='ocrx_word' id='word_1_340' title='bbox 1277 4171 1448 4249; x_wconf 83' lang='grc' dir='ltr'>ὑποδώιιει,</span> <span class='ocrx_word' id='word_1_341' title='bbox 1464 4177 1543 4252; x_wconf 88' lang='lat' dir='ltr'>quod</span> 
     </span>
     <span class='ocr_line' id='line_1_37' title="bbox 398 4271 1541 4352; baseline 0.003 -20"><span class='ocrx_word' id='word_1_342' title='bbox 398 4274 478 4347; x_wconf 86' lang='lat' dir='ltr'>feeit,</span> <span class='ocrx_word' id='word_1_343' title='bbox 499 4276 524 4333; x_wconf 91' lang='lat' dir='ltr'>si</span> <span class='ocrx_word' id='word_1_344' title='bbox 544 4275 576 4333; x_wconf 92' lang='lat' dir='ltr'>in</span> <span class='ocrx_word' id='word_1_345' title='bbox 591 4276 752 4352; x_wconf 87' lang='lat' dir='ltr'>archetypo</span> <span class='ocrx_word' id='word_1_346' title='bbox 767 4276 883 4350; x_wconf 87' lang='lat' dir='ltr'>fuisset,</span> <span class='ocrx_word' id='word_1_347' title='bbox 906 4276 986 4352; x_wconf 93' lang='lat' dir='ltr'>quod</span> <span class='ocrx_word' id='word_1_348' title='bbox 1007 4276 1159 4336; x_wconf 86' lang='lat' dir='ltr'>diorthota</span> <span class='ocrx_word' id='word_1_349' title='bbox 1172 4276 1300 4348; x_wconf 84' lang='lat' dir='ltr'>infersit,</span> <span class='ocrx_word' id='word_1_350' title='bbox 1321 4271 1358 4336; x_wconf 80' lang='grc' dir='ltr'>εὖ</span> <span class='ocrx_word' id='word_1_351' title='bbox 1373 4272 1541 4338; x_wconf 83' lang='grc' dir='ltr'>ἑποδώκει.</span> 
     </span>
     <span class='ocr_line' id='line_1_38' title="bbox 398 4376 1541 4453; baseline 0.002 -19"><span class='ocrx_word' id='word_1_352' title='bbox 398 4395 432 4434; x_wconf 90' lang='lat' dir='ltr'>ea</span> <span class='ocrx_word' id='word_1_353' title='bbox 449 4377 497 4434; x_wconf 89' lang='lat' dir='ltr'>est</span> <span class='ocrx_word' id='word_1_354' title='bbox 517 4376 665 4452; x_wconf 86' lang='lat' dir='ltr'>scriptura</span> <span class='ocrx_word' id='word_1_355' title='bbox 685 4378 830 4436; x_wconf 88' lang='lat' dir='ltr'>librorum</span> <span class='ocrx_word' id='word_1_356' title='bbox 850 4396 984 4437; x_wconf 88' lang='lat' dir='ltr'>meorum</span> <span class='ocrx_word' id='word_1_357' title='bbox 1005 4378 1152 4451; x_wconf 89' lang='lat' dir='ltr'>omnium,</span> <span class='ocrx_word' id='word_1_358' title='bbox 1175 4397 1265 4453; x_wconf 87' lang='lat' dir='ltr'>quam</span> <span class='ocrx_word' id='word_1_359' title='bbox 1279 4377 1462 4436; x_wconf 87' lang='lat' dir='ltr'>diorthotam</span> <span class='ocrx_word' id='word_1_360' title='bbox 1476 4398 1541 4438; x_wconf 91' lang='lat' dir='ltr'>cen-</span> 
     </span>
     <span class='ocr_line' id='line_1_39' title="bbox 400 4477 1542 4555; baseline 0.004 -21"><span class='ocrx_word' id='word_1_361' title='bbox 400 4494 450 4535; x_wconf 91' lang='lat' dir='ltr'>seo</span> <span class='ocrx_word' id='word_1_362' title='bbox 464 4477 496 4534; x_wconf 93' lang='lat' dir='ltr'>in</span> <span class='ocrx_word' id='word_1_363' title='bbox 511 4477 650 4537; x_wconf 89' lang='lat' dir='ltr'>lemmate</span> <span class='ocrx_word' id='word_1_364' title='bbox 665 4480 784 4553; x_wconf 86' lang='lat' dir='ltr'>scholii,</span> <span class='ocrx_word' id='word_1_365' title='bbox 807 4479 888 4554; x_wconf 91' lang='lat' dir='ltr'>quod</span> <span class='ocrx_word' id='word_1_366' title='bbox 902 4480 1014 4551; x_wconf 88' lang='lat' dir='ltr'>omisit,</span> <span class='ocrx_word' id='word_1_367' title='bbox 1030 4479 1188 4537; x_wconf 85' lang='lat' dir='ltr'>invenisse.</span> <span class='ocrx_word' id='word_1_368' title='bbox 1218 4481 1354 4555; x_wconf 88' lang='lat' dir='ltr'>usurpati</span> <span class='ocrx_word' id='word_1_369' title='bbox 1369 4479 1406 4537; x_wconf 90' lang='lat' dir='ltr'>ab</span> <span class='ocrx_word' id='word_1_370' title='bbox 1422 4498 1456 4537; x_wconf 92' lang='lat' dir='ltr'>eo</span> <span class='ocrx_word' id='word_1_371' title='bbox 1470 4480 1542 4539; x_wconf 90' lang='lat' dir='ltr'>alte-</span> 
     </span>
     <span class='ocr_line' id='line_1_40' title="bbox 397 4577 1542 4656; baseline 0.004 -21"><span class='ocrx_word' id='word_1_372' title='bbox 397 4577 460 4636; x_wconf 89' lang='lat' dir='ltr'>rius</span> <span class='ocrx_word' id='word_1_373' title='bbox 475 4578 630 4654; x_wconf 83' lang='lat' dir='ltr'>archetypi</span> <span class='ocrx_word' id='word_1_374' title='bbox 644 4580 702 4638; x_wconf 88' lang='lat' dir='ltr'>alia</span> <span class='ocrx_word' id='word_1_375' title='bbox 722 4582 801 4639; x_wconf 83' lang='lat' dir='ltr'>certe</span> <span class='ocrx_word' id='word_1_376' title='bbox 822 4580 932 4639; x_wconf 89' lang='lat' dir='ltr'>desunt</span> <span class='ocrx_word' id='word_1_377' title='bbox 951 4580 1071 4638; x_wconf 86' lang='lat' dir='ltr'>indicia.</span> <span class='ocrx_word' id='word_1_378' title='bbox 1102 4580 1182 4655; x_wconf 92' lang='lat' dir='ltr'>quod</span> <span class='ocrx_word' id='word_1_379' title='bbox 1201 4600 1231 4640; x_wconf 84' lang='lat' dir='ltr'>r.</span> <span class='ocrx_word' id='word_1_380' title='bbox 1248 4581 1307 4638; x_wconf 91' lang='grc'>651</span> <span class='ocrx_word' id='word_1_381' title='bbox 1329 4579 1427 4638; x_wconf 89' lang='lat' dir='ltr'>deleto</span> <span class='ocrx_word' id='word_1_382' title='bbox 1443 4582 1542 4656; x_wconf 92' lang='lat' dir='ltr'>quiin</span> 
     </span>
    </p>
   </div>
   <div class='ocr_carea' id='block_1_3' title="bbox 0 0 1834 5600">
    <p class='ocr_par' dir='ltr' id='par_1_5' title="bbox 0 0 1834 5600">
     <span class='ocr_line' id='line_1_41' title="bbox 0 0 1834 5600; baseline 0 0"><span class='ocrx_word' id='word_1_383' title='bbox 0 0 1834 5600; x_wconf 95' lang='lat' dir='ltr'> </span> 
     </span>
    </p>
   </div>
  </div>
 </body>
</html>
