<?xml version="1.0" encoding="UTF-8"?>
<!DOCTYPE html PUBLIC "-//W3C//DTD XHTML 1.0 Transitional//EN"
    "http://www.w3.org/TR/xhtml1/DTD/xhtml1-transitional.dtd">
<html xmlns="http://www.w3.org/1999/xhtml" xml:lang="en" lang="en">
 <head>
  <title>
</title>
<meta http-equiv="Content-Type" content="text/html;charset=utf-8" />
  <meta name='ocr-system' content='tesseract 3.04.00' />
  <meta name='ocr-capabilities' content='ocr_page ocr_carea ocr_par ocr_line ocrx_word'/>
</head>
<body>
  <div class='ocr_page' id='page_1' title='image "aeschylipersae00merkgoog_0080.png"; bbox 0 0 3659 5600; ppageno 0'>
   <div class='ocr_carea' id='block_1_1' title="bbox 928 517 970 583">
    <p class='ocr_par' dir='ltr' id='par_1_1' title="bbox 928 517 970 583">
     <span class='ocr_line' id='line_1_1' title="bbox 928 517 970 583; baseline -0.024 0"><span class='ocrx_word' id='word_1_1' title='bbox 928 517 970 583; x_wconf 77' lang='lat'><strong>56</strong></span> 
     </span>
    </p>
   </div>
   <div class='ocr_carea' id='block_1_2' title="bbox 374 692 1524 1988">
    <p class='ocr_par' dir='ltr' id='par_1_2' title="bbox 374 692 1520 860">
     <span class='ocr_line' id='line_1_2' title="bbox 374 692 1520 772; baseline -0.005 -14"><span class='ocrx_word' id='word_1_2' title='bbox 374 697 500 759; x_wconf 87' lang='lat' dir='ltr'><strong>Athenis</strong></span> <span class='ocrx_word' id='word_1_3' title='bbox 524 698 557 756; x_wconf 94' lang='lat' dir='ltr'><strong>in</strong></span> <span class='ocrx_word' id='word_1_4' title='bbox 581 695 652 756; x_wconf 86' lang='lat' dir='ltr'><strong>fano</strong></span> <span class='ocrx_word' id='word_1_5' title='bbox 676 695 776 772; x_wconf 88' lang='lat' dir='ltr'><strong>aliquo</strong></span> <span class='ocrx_word' id='word_1_6' title='bbox 802 695 894 755; x_wconf 85' lang='lat' dir='ltr'><strong>fuisse</strong></span> <span class='ocrx_word' id='word_1_7' title='bbox 919 695 1120 769; x_wconf 87' lang='lat' dir='ltr'><strong>consecratos,</strong></span> <span class='ocrx_word' id='word_1_8' title='bbox 1153 711 1226 769; x_wconf 89' lang='lat' dir='ltr'><strong>quos</strong></span> <span class='ocrx_word' id='word_1_9' title='bbox 1257 692 1368 752; x_wconf 85' lang='lat' dir='ltr'><strong>vidisse</strong></span> <span class='ocrx_word' id='word_1_10' title='bbox 1399 695 1520 769; x_wconf 89' lang='lat' dir='ltr'><strong>poetam</strong></span> 
     </span>
     <span class='ocr_line' id='line_1_3' title="bbox 376 799 557 860; baseline -0.017 0"><span class='ocrx_word' id='word_1_11' title='bbox 376 799 457 860; x_wconf 90' lang='lat' dir='ltr'><strong>credi</strong></span> <span class='ocrx_word' id='word_1_12' title='bbox 477 799 557 859; x_wconf 89' lang='lat' dir='ltr'><strong>licet.</strong></span> 
     </span>
    </p>

    <p class='ocr_par' dir='ltr' id='par_1_3' title="bbox 375 894 1524 1988">
     <span class='ocr_line' id='line_1_4' title="bbox 459 894 1518 975; baseline -0.003 -16"><span class='ocrx_word' id='word_1_13' title='bbox 459 900 494 959; x_wconf 89' lang='lat' dir='ltr'><strong>P.</strong></span> <span class='ocrx_word' id='word_1_14' title='bbox 509 919 588 960; x_wconf 84' lang='grc'>111111</span> <span class='ocrx_word' id='word_1_15' title='bbox 609 896 671 975; x_wconf 91' lang='grc'>(11.</span> <span class='ocrx_word' id='word_1_16' title='bbox 688 899 748 958; x_wconf 83' lang='grc'>749</span> <span class='ocrx_word' id='word_1_17' title='bbox 764 898 802 957; x_wconf 89' lang='lat' dir='ltr'><strong>ad</strong></span> <span class='ocrx_word' id='word_1_18' title='bbox 815 894 891 975; x_wconf 85' lang='lat'>791)</span> <span class='ocrx_word' id='word_1_19' title='bbox 911 915 1017 957; x_wconf 84' lang='lat' dir='ltr'><strong>manus</strong></span> <span class='ocrx_word' id='word_1_20' title='bbox 1036 895 1134 972; x_wconf 91' lang='lat' dir='ltr'><strong>prima</strong></span> <span class='ocrx_word' id='word_1_21' title='bbox 1154 896 1354 956; x_wconf 75' lang='lat' dir='ltr'><strong>festinationis</strong></span> <span class='ocrx_word' id='word_1_22' title='bbox 1375 898 1406 956; x_wconf 94' lang='lat' dir='ltr'><strong>et</strong></span> <span class='ocrx_word' id='word_1_23' title='bbox 1425 898 1518 974; x_wconf 87' lang='lat' dir='ltr'><strong>negli-</strong></span> 
     </span>
     <span class='ocr_line' id='line_1_5' title="bbox 376 997 1521 1081; baseline -0.002 -21"><span class='ocrx_word' id='word_1_24' title='bbox 376 1002 492 1081; x_wconf 89' lang='lat' dir='ltr'><strong>gentiae</strong></span> <span class='ocrx_word' id='word_1_25' title='bbox 506 1005 553 1062; x_wconf 91' lang='lat' dir='ltr'><strong>tot</strong></span> <span class='ocrx_word' id='word_1_26' title='bbox 568 1004 697 1062; x_wconf 86' lang='lat' dir='ltr'><strong>attenta</strong></span> <span class='ocrx_word' id='word_1_27' title='bbox 716 1001 891 1077; x_wconf 87' lang='lat' dir='ltr'><strong>argumenta</strong></span> <span class='ocrx_word' id='word_1_28' title='bbox 905 999 997 1073; x_wconf 87' lang='lat' dir='ltr'><strong>dedit,</strong></span> <span class='ocrx_word' id='word_1_29' title='bbox 1018 1000 1054 1057; x_wconf 89' lang='lat' dir='ltr'><strong>ut</strong></span> <span class='ocrx_word' id='word_1_30' title='bbox 1068 997 1208 1058; x_wconf 79' lang='lat' dir='ltr'><strong>credibile</strong></span> <span class='ocrx_word' id='word_1_31' title='bbox 1222 999 1273 1057; x_wconf 82' lang='lat' dir='ltr'><strong>vix</strong></span> <span class='ocrx_word' id='word_1_32' title='bbox 1287 998 1327 1058; x_wconf 89' lang='lat' dir='ltr'><strong>sit</strong></span> <span class='ocrx_word' id='word_1_33' title='bbox 1342 999 1521 1058; x_wconf 88' lang='lat' dir='ltr'><strong>emendatio-</strong></span> 
     </span>
     <span class='ocr_line' id='line_1_6' title="bbox 375 1100 1521 1181; baseline -0.006 -16"><span class='ocrx_word' id='word_1_34' title='bbox 375 1124 429 1166; x_wconf 90' lang='lat' dir='ltr'><strong>nes</strong></span> <span class='ocrx_word' id='word_1_35' title='bbox 444 1104 586 1181; x_wconf 87' lang='lat' dir='ltr'><strong>quasdam</strong></span> <span class='ocrx_word' id='word_1_36' title='bbox 605 1122 673 1163; x_wconf 92' lang='lat' dir='ltr'><strong>cum</strong></span> <span class='ocrx_word' id='word_1_37' title='bbox 691 1101 803 1161; x_wconf 88' lang='lat' dir='ltr'><strong>rasuris</strong></span> <span class='ocrx_word' id='word_1_38' title='bbox 823 1102 933 1177; x_wconf 88' lang='lat' dir='ltr'><strong>partim</strong></span> <span class='ocrx_word' id='word_1_39' title='bbox 954 1101 1101 1178; x_wconf 88' lang='lat' dir='ltr'><strong>spatiosis,</strong></span> <span class='ocrx_word' id='word_1_40' title='bbox 1121 1119 1170 1159; x_wconf 83' lang='lat' dir='ltr'><strong>vv.</strong></span> <span class='ocrx_word' id='word_1_41' title='bbox 1188 1100 1248 1158; x_wconf 84' lang='lat'><strong>773</strong></span> <span class='ocrx_word' id='word_1_42' title='bbox 1265 1100 1326 1160; x_wconf 97' lang='grc'><strong>785</strong></span> <span class='ocrx_word' id='word_1_43' title='bbox 1343 1102 1413 1174; x_wconf 90' lang='grc'>786,</span> <span class='ocrx_word' id='word_1_44' title='bbox 1434 1100 1472 1159; x_wconf 99' lang='lat' dir='ltr'><strong>ab</strong></span> <span class='ocrx_word' id='word_1_45' title='bbox 1487 1119 1521 1159; x_wconf 90' lang='lat' dir='ltr'><strong>ea</strong></span> 
     </span>
     <span class='ocr_line' id='line_1_7' title="bbox 377 1201 1521 1282; baseline -0.003 -16"><span class='ocrx_word' id='word_1_46' title='bbox 377 1226 441 1268; x_wconf 88' lang='lat' dir='ltr'><strong>esse</strong></span> <span class='ocrx_word' id='word_1_47' title='bbox 466 1206 625 1282; x_wconf 87' lang='lat' dir='ltr'><strong>profectas.</strong></span> <span class='ocrx_word' id='word_1_48' title='bbox 665 1222 770 1263; x_wconf 89' lang='lat' dir='ltr'><strong>manus</strong></span> <span class='ocrx_word' id='word_1_49' title='bbox 796 1203 937 1276; x_wconf 81' lang='lat' dir='ltr'><strong>secunde,</strong></span> <span class='ocrx_word' id='word_1_50' title='bbox 965 1222 1040 1278; x_wconf 87' lang='lat' dir='ltr'><strong>quae</strong></span> <span class='ocrx_word' id='word_1_51' title='bbox 1065 1201 1220 1260; x_wconf 76' lang='lat' dir='ltr'><strong>evanidam</strong></span> <span class='ocrx_word' id='word_1_52' title='bbox 1244 1201 1304 1259; x_wconf 90' lang='lat' dir='ltr'><strong>iam</strong></span> <span class='ocrx_word' id='word_1_53' title='bbox 1324 1201 1422 1262; x_wconf 90' lang='lat' dir='ltr'><strong>tribus</strong></span> <span class='ocrx_word' id='word_1_54' title='bbox 1447 1202 1521 1262; x_wconf 91' lang='lat' dir='ltr'><strong>locis</strong></span> 
     </span>
     <span class='ocr_line' id='line_1_8' title="bbox 377 1302 1522 1383; baseline -0.004 -15"><span class='ocrx_word' id='word_1_55' title='bbox 377 1308 556 1383; x_wconf 84' lang='lat' dir='ltr'><strong>scripturam</strong></span> <span class='ocrx_word' id='word_1_56' title='bbox 574 1309 724 1381; x_wconf 86' lang='lat' dir='ltr'><strong>repertam</strong></span> <span class='ocrx_word' id='word_1_57' title='bbox 742 1304 928 1377; x_wconf 82' lang='lat' dir='ltr'><strong>instaurarit,</strong></span> <span class='ocrx_word' id='word_1_58' title='bbox 949 1304 1058 1363; x_wconf 91' lang='lat' dir='ltr'><strong>iterum</strong></span> <span class='ocrx_word' id='word_1_59' title='bbox 1079 1303 1214 1380; x_wconf 82' lang='lat' dir='ltr'><strong>sexagies</strong></span> <span class='ocrx_word' id='word_1_60' title='bbox 1234 1302 1297 1362; x_wconf 87' lang='lat' dir='ltr'><strong>fere</strong></span> <span class='ocrx_word' id='word_1_61' title='bbox 1312 1303 1474 1379; x_wconf 88' lang='lat' dir='ltr'><strong>scripturas</strong></span> <span class='ocrx_word' id='word_1_62' title='bbox 1489 1305 1522 1362; x_wconf 89' lang='lat' dir='ltr'><strong>in</strong></span> 
     </span>
     <span class='ocr_line' id='line_1_9' title="bbox 379 1405 1522 1484; baseline -0.003 -16"><span class='ocrx_word' id='word_1_63' title='bbox 379 1410 539 1484; x_wconf 88' lang='lat' dir='ltr'><strong>archetypo</strong></span> <span class='ocrx_word' id='word_1_64' title='bbox 566 1425 620 1468; x_wconf 88' lang='lat' dir='ltr'><strong>suo</strong></span> <span class='ocrx_word' id='word_1_65' title='bbox 645 1407 697 1465; x_wconf 92' lang='lat' dir='ltr'><strong>aut</strong></span> <span class='ocrx_word' id='word_1_66' title='bbox 722 1406 841 1466; x_wconf 87' lang='lat' dir='ltr'><strong>scholiis</strong></span> <span class='ocrx_word' id='word_1_67' title='bbox 865 1406 1019 1480; x_wconf 83' lang='lat' dir='ltr'><strong>inventas,</strong></span> <span class='ocrx_word' id='word_1_68' title='bbox 1046 1424 1119 1481; x_wconf 88' lang='lat' dir='ltr'><strong>quae</strong></span> <span class='ocrx_word' id='word_1_69' title='bbox 1144 1405 1301 1480; x_wconf 82' lang='lat' dir='ltr'><strong>pleraeque</strong></span> <span class='ocrx_word' id='word_1_70' title='bbox 1324 1423 1426 1464; x_wconf 91' lang='lat' dir='ltr'><strong>omnes</strong></span> <span class='ocrx_word' id='word_1_71' title='bbox 1452 1408 1522 1465; x_wconf 88' lang='lat' dir='ltr'><strong>suut</strong></span> 
     </span>
     <span class='ocr_line' id='line_1_10' title="bbox 378 1505 1523 1583; baseline -0.003 -14"><span class='ocrx_word' id='word_1_72' title='bbox 378 1511 468 1569; x_wconf 90' lang='lat' dir='ltr'><strong>etiam</strong></span> <span class='ocrx_word' id='word_1_73' title='bbox 486 1508 630 1567; x_wconf 89' lang='lat' dir='ltr'><strong>librorum</strong></span> <span class='ocrx_word' id='word_1_74' title='bbox 655 1526 729 1567; x_wconf 89' lang='lat' dir='ltr'><strong>saec.</strong></span> <span class='ocrx_word' id='word_1_75' title='bbox 750 1507 838 1580; x_wconf 87' lang='lat' dir='ltr'><strong>XIII,</strong></span> <span class='ocrx_word' id='word_1_76' title='bbox 860 1506 973 1566; x_wconf 88' lang='lat' dir='ltr'><strong>intulit.</strong></span> <span class='ocrx_word' id='word_1_77' title='bbox 1018 1505 1118 1565; x_wconf 85' lang='lat' dir='ltr'><strong>differt</strong></span> <span class='ocrx_word' id='word_1_78' title='bbox 1137 1509 1254 1565; x_wconf 88' lang='lat' dir='ltr'><strong>tantum</strong></span> <span class='ocrx_word' id='word_1_79' title='bbox 1273 1525 1303 1564; x_wconf 92' lang='grc'><strong>1.</strong></span> <span class='ocrx_word' id='word_1_80' title='bbox 1326 1507 1387 1565; x_wconf 93' lang='grc'><strong>752</strong></span> <span class='ocrx_word' id='word_1_81' title='bbox 1409 1507 1523 1583; x_wconf 91' lang='lat' dir='ltr'><strong>quoda</strong></span> 
     </span>
     <span class='ocr_line' id='line_1_11' title="bbox 378 1603 1523 1685; baseline -0.002 -16"><span class='ocrx_word' id='word_1_82' title='bbox 378 1629 469 1670; x_wconf 87' lang='lat' dir='ltr'><strong>manu</strong></span> <span class='ocrx_word' id='word_1_83' title='bbox 484 1609 613 1670; x_wconf 88' lang='lat' dir='ltr'><strong>secunda</strong></span> <span class='ocrx_word' id='word_1_84' title='bbox 627 1611 710 1667; x_wconf 82' lang='lat' dir='ltr'><strong>extat</strong></span> <span class='ocrx_word' id='word_1_85' title='bbox 724 1603 872 1683; x_wconf 83' lang='grc' dir='ltr'><strong>ἁρπαγῆι,</strong></span> <span class='ocrx_word' id='word_1_86' title='bbox 887 1608 1003 1667; x_wconf 88' lang='lat' dir='ltr'><strong>adiecto</strong></span> <span class='ocrx_word' id='word_1_87' title='bbox 1019 1626 1029 1668; x_wconf 89' lang='grc' dir='ltr'>ι</span> <span class='ocrx_word' id='word_1_88' title='bbox 1043 1609 1074 1666; x_wconf 92' lang='grc'><strong>17</strong></span> <span class='ocrx_word' id='word_1_89' title='bbox 1095 1609 1180 1683; x_wconf 83' lang='lat' dir='ltr'><strong>parte</strong></span> <span class='ocrx_word' id='word_1_90' title='bbox 1195 1607 1375 1685; x_wconf 65' lang='lat' dir='ltr'><strong>eircumfleai</strong></span> <span class='ocrx_word' id='word_1_91' title='bbox 1395 1608 1433 1667; x_wconf 91' lang='lat' dir='ltr'><strong>ad</strong></span> <span class='ocrx_word' id='word_1_92' title='bbox 1452 1610 1523 1669; x_wconf 88' lang='lat' dir='ltr'><strong>ecri-</strong></span> 
     </span>
     <span class='ocr_line' id='line_1_12' title="bbox 378 1705 1524 1788; baseline -0.003 -17"><span class='ocrx_word' id='word_1_93' title='bbox 378 1715 499 1788; x_wconf 89' lang='lat' dir='ltr'><strong>pturam</strong></span> <span class='ocrx_word' id='word_1_94' title='bbox 523 1710 636 1786; x_wconf 87' lang='lat' dir='ltr'><strong>primae</strong></span> <span class='ocrx_word' id='word_1_95' title='bbox 661 1728 766 1769; x_wconf 86' lang='lat' dir='ltr'><strong>manus</strong></span> <span class='ocrx_word' id='word_1_96' title='bbox 791 1705 935 1786; x_wconf 85' lang='grc' dir='ltr'>ἁρπαγή,</span> <span class='ocrx_word' id='word_1_97' title='bbox 955 1712 1055 1768; x_wconf 90' lang='lat' dir='ltr'><strong>tamen</strong></span> <span class='ocrx_word' id='word_1_98' title='bbox 1074 1710 1109 1767; x_wconf 91' lang='lat' dir='ltr'><strong>ut</strong></span> <span class='ocrx_word' id='word_1_99' title='bbox 1128 1708 1188 1768; x_wconf 89' lang='lat' dir='ltr'><strong>acri</strong></span> <span class='ocrx_word' id='word_1_100' title='bbox 1209 1708 1294 1769; x_wconf 88' lang='lat' dir='ltr'><strong>oculo</strong></span> <span class='ocrx_word' id='word_1_101' title='bbox 1320 1727 1396 1785; x_wconf 88' lang='lat' dir='ltr'><strong>opus</strong></span> <span class='ocrx_word' id='word_1_102' title='bbox 1421 1710 1462 1769; x_wconf 88' lang='lat' dir='ltr'><strong>sit</strong></span> <span class='ocrx_word' id='word_1_103' title='bbox 1486 1710 1524 1768; x_wconf 87' lang='lat' dir='ltr'><strong>ad</strong></span> 
     </span>
     <span class='ocr_line' id='line_1_13' title="bbox 379 1805 1523 1886; baseline -0.002 -13"><span class='ocrx_word' id='word_1_104' title='bbox 379 1811 607 1873; x_wconf 88' lang='lat' dir='ltr'><strong>discernendum</strong></span> <span class='ocrx_word' id='word_1_105' title='bbox 621 1810 865 1870; x_wconf 86' lang='lat' dir='ltr'><strong>additamentum.</strong></span> <span class='ocrx_word' id='word_1_106' title='bbox 895 1810 976 1870; x_wconf 90' lang='lat' dir='ltr'><strong>credi</strong></span> <span class='ocrx_word' id='word_1_107' title='bbox 990 1811 1087 1886; x_wconf 87' lang='lat' dir='ltr'><strong>possit</strong></span> <span class='ocrx_word' id='word_1_108' title='bbox 1101 1805 1241 1885; x_wconf 75' lang='grc' dir='ltr'>ἁρπαγῆι</span> <span class='ocrx_word' id='word_1_109' title='bbox 1256 1810 1446 1886; x_wconf 90' lang='lat' dir='ltr'><strong>desumptum</strong></span> <span class='ocrx_word' id='word_1_110' title='bbox 1460 1830 1523 1871; x_wconf 87' lang='lat' dir='ltr'><strong>esse</strong></span> 
     </span>
     <span class='ocr_line' id='line_1_14' title="bbox 378 1907 1523 1988; baseline 0 -14"><span class='ocrx_word' id='word_1_111' title='bbox 378 1934 414 1975; x_wconf 89' lang='lat' dir='ltr'><strong>ex</strong></span> <span class='ocrx_word' id='word_1_112' title='bbox 428 1914 528 1973; x_wconf 82' lang='lat' dir='ltr'><strong>verbis</strong></span> <span class='ocrx_word' id='word_1_113' title='bbox 544 1912 648 1973; x_wconf 87' lang='lat' dir='ltr'><strong>scholii</strong></span> <span class='ocrx_word' id='word_1_114' title='bbox 668 1910 709 1988; x_wconf 82' lang='grc' dir='ltr'><strong>μὴ</strong></span> <span class='ocrx_word' id='word_1_115' title='bbox 731 1907 750 1972; x_wconf 87' lang='grc' dir='ltr'>ὁ</span> <span class='ocrx_word' id='word_1_116' title='bbox 765 1944 807 1954; x_wconf 93' lang='grc'>-</span> <span class='ocrx_word' id='word_1_117' title='bbox 821 1911 963 1973; x_wconf 79' lang='grc' dir='ltr'>πλοῦτο(</span> <span class='ocrx_word' id='word_1_118' title='bbox 978 1908 1106 1987; x_wconf 85' lang='grc' dir='ltr'>ἁρπαγῆ</span> <span class='ocrx_word' id='word_1_119' title='bbox 1120 1944 1164 1955; x_wconf 89' lang='lat'>-</span> <span class='ocrx_word' id='word_1_120' title='bbox 1179 1907 1243 1973; x_wconf 85' lang='grc' dir='ltr'><strong>ὑπὸ</strong></span> <span class='ocrx_word' id='word_1_121' title='bbox 1257 1911 1316 1973; x_wconf 83' lang='grc' dir='ltr'><strong>τοῦ</strong></span> <span class='ocrx_word' id='word_1_122' title='bbox 1331 1908 1523 1988; x_wconf 76' lang='grc' dir='ltr'>φθάεαντοε.</span> 
     </span>
    </p>
   </div>
   <div class='ocr_carea' id='block_1_3' title="bbox 271 2013 1524 2092">
    <p class='ocr_par' dir='ltr' id='par_1_4' title="bbox 271 2013 1524 2092">
     <span class='ocr_line' id='line_1_15' title="bbox 271 2013 1524 2092; baseline -0.001 -18"><span class='ocrx_word' id='word_1_123' title='bbox 271 2018 273 2022; x_wconf 77' lang='grc'>’</span> <span class='ocrx_word' id='word_1_124' title='bbox 381 2014 643 2092; x_wconf 90' lang='lat' dir='ltr'><strong>quemadmodum</strong></span> <span class='ocrx_word' id='word_1_125' title='bbox 656 2032 686 2071; x_wconf 92' lang='grc'><strong>1.</strong></span> <span class='ocrx_word' id='word_1_126' title='bbox 703 2014 764 2072; x_wconf 93' lang='grc'><strong>774</strong></span> <span class='ocrx_word' id='word_1_127' title='bbox 778 2013 878 2072; x_wconf 83' lang='grc'>111111</span> <span class='ocrx_word' id='word_1_128' title='bbox 893 2014 1067 2088; x_wconf 78' lang='lat' dir='ltr'><strong>scriptruae,</strong></span> <span class='ocrx_word' id='word_1_129' title='bbox 1084 2031 1156 2089; x_wconf 86' lang='lat' dir='ltr'><strong>quas</strong></span> <span class='ocrx_word' id='word_1_130' title='bbox 1171 2031 1276 2073; x_wconf 89' lang='lat' dir='ltr'><strong>manua</strong></span> <span class='ocrx_word' id='word_1_131' title='bbox 1292 2013 1421 2072; x_wconf 88' lang='lat' dir='ltr'><strong>secunda</strong></span> <span class='ocrx_word' id='word_1_132' title='bbox 1435 2013 1524 2073; x_wconf 88' lang='lat' dir='ltr'><strong>adno-</strong></span> 
     </span>
    </p>
   </div>
   <div class='ocr_carea' id='block_1_4' title="bbox 379 2110 1527 3309">
    <p class='ocr_par' dir='ltr' id='par_1_5' title="bbox 379 2110 1527 3309">
     <span class='ocr_line' id='line_1_16' title="bbox 379 2110 1523 2193; baseline -0.002 -17"><span class='ocrx_word' id='word_1_133' title='bbox 379 2116 471 2188; x_wconf 88' lang='lat' dir='ltr'><strong>tavit,</strong></span> <span class='ocrx_word' id='word_1_134' title='bbox 493 2111 605 2191; x_wconf 80' lang='grc' dir='ltr'>μάρδιε</span> <span class='ocrx_word' id='word_1_135' title='bbox 627 2118 658 2173; x_wconf 84' lang='grc'><strong>17</strong></span> <span class='ocrx_word' id='word_1_136' title='bbox 677 2110 838 2188; x_wconf 76' lang='grc' dir='ltr'>πάτρα-</span> <span class='ocrx_word' id='word_1_137' title='bbox 853 2131 959 2193; x_wconf 84' lang='grc' dir='ltr'>πατρι,</span> <span class='ocrx_word' id='word_1_138' title='bbox 973 2117 1008 2172; x_wconf 91' lang='lat' dir='ltr'><strong>ut</strong></span> <span class='ocrx_word' id='word_1_139' title='bbox 1021 2115 1192 2187; x_wconf 85' lang='lat' dir='ltr'><strong>videbatur,</strong></span> <span class='ocrx_word' id='word_1_140' title='bbox 1213 2114 1327 2188; x_wconf 88' lang='lat' dir='ltr'><strong>primae</strong></span> <span class='ocrx_word' id='word_1_141' title='bbox 1340 2134 1446 2175; x_wconf 87' lang='lat' dir='ltr'><strong>manus</strong></span> <span class='ocrx_word' id='word_1_142' title='bbox 1460 2134 1523 2175; x_wconf 90' lang='lat' dir='ltr'><strong>cor·</strong></span> 
     </span>
     <span class='ocr_line' id='line_1_17' title="bbox 380 2212 1524 2291; baseline -0.001 -15"><span class='ocrx_word' id='word_1_143' title='bbox 380 2218 496 2278; x_wconf 85' lang='lat' dir='ltr'><strong>rectum</strong></span> <span class='ocrx_word' id='word_1_144' title='bbox 510 2219 556 2276; x_wconf 90' lang='lat' dir='ltr'><strong>est</strong></span> <span class='ocrx_word' id='word_1_145' title='bbox 569 2212 687 2290; x_wconf 74' lang='lat' dir='ltr'><strong>adapes</strong></span> <span class='ocrx_word' id='word_1_146' title='bbox 701 2248 738 2258; x_wconf 89' lang='lat'><strong>—</strong></span> <span class='ocrx_word' id='word_1_147' title='bbox 758 2214 904 2275; x_wconf 89' lang='lat' dir='ltr'><strong>debentur</strong></span> <span class='ocrx_word' id='word_1_148' title='bbox 925 2216 1035 2276; x_wconf 91' lang='lat' dir='ltr'><strong>scholio</strong></span> <span class='ocrx_word' id='word_1_149' title='bbox 1055 2235 1086 2291; x_wconf 90' lang='lat' dir='ltr'><strong>p.</strong></span> <span class='ocrx_word' id='word_1_150' title='bbox 1102 2217 1142 2275; x_wconf 88' lang='lat'><strong>87</strong></span> <span class='ocrx_word' id='word_1_151' title='bbox 1158 2214 1178 2274; x_wconf 90' lang='lat'><strong>1.</strong></span> <span class='ocrx_word' id='word_1_152' title='bbox 1194 2217 1229 2290; x_wconf 80' lang='lat'><strong>53</strong></span> <span class='ocrx_word' id='word_1_153' title='bbox 1244 2216 1304 2275; x_wconf 90' lang='lat' dir='ltr'><strong>uisi</strong></span> <span class='ocrx_word' id='word_1_154' title='bbox 1317 2215 1349 2274; x_wconf 92' lang='lat' dir='ltr'><strong>id</strong></span> <span class='ocrx_word' id='word_1_155' title='bbox 1363 2218 1464 2275; x_wconf 88' lang='lat' dir='ltr'><strong>tamen</strong></span> <span class='ocrx_word' id='word_1_156' title='bbox 1477 2217 1524 2275; x_wconf 91' lang='lat' dir='ltr'><strong>ui·</strong></span> 
     </span>
     <span class='ocr_line' id='line_1_18' title="bbox 380 2314 1524 2393; baseline -0.001 -14"><span class='ocrx_word' id='word_1_157' title='bbox 380 2320 456 2379; x_wconf 87' lang='lat' dir='ltr'><strong>miae</strong></span> <span class='ocrx_word' id='word_1_158' title='bbox 476 2318 607 2378; x_wconf 89' lang='lat' dir='ltr'><strong>incuriae</strong></span> <span class='ocrx_word' id='word_1_159' title='bbox 626 2317 741 2376; x_wconf 85' lang='lat' dir='ltr'><strong>fuisset.</strong></span> <span class='ocrx_word' id='word_1_160' title='bbox 784 2336 813 2376; x_wconf 88' lang='lat' dir='ltr'><strong>v.</strong></span> <span class='ocrx_word' id='word_1_161' title='bbox 831 2318 889 2377; x_wconf 88' lang='lat'><strong>781</strong></span> <span class='ocrx_word' id='word_1_162' title='bbox 912 2314 1147 2393; x_wconf 67' lang='lat' dir='ltr'><strong>oportunitas,</strong></span> <span class='ocrx_word' id='word_1_163' title='bbox 1170 2317 1249 2392; x_wconf 90' lang='lat' dir='ltr'><strong>quod</strong></span> <span class='ocrx_word' id='word_1_164' title='bbox 1270 2317 1398 2377; x_wconf 85' lang='lat' dir='ltr'><strong>secunda</strong></span> <span class='ocrx_word' id='word_1_165' title='bbox 1419 2338 1524 2378; x_wconf 89' lang='lat' dir='ltr'><strong>manus</strong></span> 
     </span>
     <span class='ocr_line' id='line_1_19' title="bbox 381 2416 1523 2491; baseline 0 -11"><span class='ocrx_word' id='word_1_166' title='bbox 381 2421 495 2481; x_wconf 81' lang='lat' dir='ltr'><strong>adiecto</strong></span> <span class='ocrx_word' id='word_1_167' title='bbox 517 2419 610 2479; x_wconf 89' lang='lat' dir='ltr'><strong>altero</strong></span> <span class='ocrx_word' id='word_1_168' title='bbox 631 2416 800 2478; x_wconf 77' lang='grc'>1111111111</span> <span class='ocrx_word' id='word_1_169' title='bbox 822 2418 892 2477; x_wconf 90' lang='lat' dir='ltr'><strong>dare</strong></span> <span class='ocrx_word' id='word_1_170' title='bbox 912 2418 1045 2491; x_wconf 80' lang='grc'>11111711,</span> <span class='ocrx_word' id='word_1_171' title='bbox 1065 2437 1127 2478; x_wconf 91' lang='lat' dir='ltr'><strong>non</strong></span> <span class='ocrx_word' id='word_1_172' title='bbox 1141 2418 1233 2478; x_wconf 89' lang='lat' dir='ltr'><strong>estin</strong></span> <span class='ocrx_word' id='word_1_173' title='bbox 1247 2419 1420 2479; x_wconf 91' lang='lat' dir='ltr'><strong>melioribus</strong></span> <span class='ocrx_word' id='word_1_174' title='bbox 1434 2421 1523 2489; x_wconf 89' lang='lat' dir='ltr'><strong>meis:</strong></span> 
     </span>
     <span class='ocr_line' id='line_1_20' title="bbox 384 2518 1525 2596; baseline 0 -15"><span class='ocrx_word' id='word_1_175' title='bbox 384 2522 438 2582; x_wconf 90' lang='lat' dir='ltr'><strong>sed</strong></span> <span class='ocrx_word' id='word_1_176' title='bbox 453 2521 599 2580; x_wconf 89' lang='lat' dir='ltr'><strong>adiectum</strong></span> <span class='ocrx_word' id='word_1_177' title='bbox 619 2521 666 2578; x_wconf 92' lang='lat' dir='ltr'><strong>est</strong></span> <span class='ocrx_word' id='word_1_178' title='bbox 683 2518 716 2577; x_wconf 95' lang='lat' dir='ltr'><strong>in</strong></span> <span class='ocrx_word' id='word_1_179' title='bbox 732 2518 819 2578; x_wconf 84' lang='lat' dir='ltr'><strong>Laur.</strong></span> <span class='ocrx_word' id='word_1_180' title='bbox 837 2538 871 2578; x_wconf 91' lang='lat' dir='ltr'><strong>eo</strong></span> <span class='ocrx_word' id='word_1_181' title='bbox 886 2519 984 2591; x_wconf 87' lang='lat' dir='ltr'><strong>modo,</strong></span> <span class='ocrx_word' id='word_1_182' title='bbox 1005 2538 1063 2596; x_wconf 92' lang='lat' dir='ltr'><strong>quo</strong></span> <span class='ocrx_word' id='word_1_183' title='bbox 1083 2520 1155 2580; x_wconf 88' lang='lat' dir='ltr'><strong>siin</strong></span> <span class='ocrx_word' id='word_1_184' title='bbox 1168 2519 1330 2596; x_wconf 86' lang='lat' dir='ltr'><strong>archetypo</strong></span> <span class='ocrx_word' id='word_1_185' title='bbox 1345 2520 1412 2594; x_wconf 87' lang='lat' dir='ltr'><strong>fuit,</strong></span> <span class='ocrx_word' id='word_1_186' title='bbox 1426 2522 1525 2596; x_wconf 90' lang='lat' dir='ltr'><strong>potuit</strong></span> 
     </span>
     <span class='ocr_line' id='line_1_21' title="bbox 382 2619 1525 2699; baseline -0.001 -17"><span class='ocrx_word' id='word_1_187' title='bbox 382 2624 516 2698; x_wconf 87' lang='lat' dir='ltr'><strong>spectare</strong></span> <span class='ocrx_word' id='word_1_188' title='bbox 536 2621 573 2679; x_wconf 88' lang='lat' dir='ltr'><strong>ad</strong></span> <span class='ocrx_word' id='word_1_189' title='bbox 594 2619 811 2680; x_wconf 89' lang='lat' dir='ltr'><strong>emendandum</strong></span> <span class='ocrx_word' id='word_1_190' title='bbox 830 2619 924 2680; x_wconf 83' lang='grc' dir='ltr'>πολῶ</span> <span class='ocrx_word' id='word_1_191' title='bbox 943 2639 974 2679; x_wconf 91' lang='grc'><strong>1.</strong></span> <span class='ocrx_word' id='word_1_192' title='bbox 990 2622 1065 2693; x_wconf 93' lang='grc'>780,</span> <span class='ocrx_word' id='word_1_193' title='bbox 1087 2621 1166 2697; x_wconf 88' lang='lat' dir='ltr'><strong>quod</strong></span> <span class='ocrx_word' id='word_1_194' title='bbox 1185 2639 1203 2679; x_wconf 89' lang='grc'><strong>1</strong></span> <span class='ocrx_word' id='word_1_195' title='bbox 1223 2621 1321 2699; x_wconf 71' lang='lat' dir='ltr'><strong>prima</strong></span> <span class='ocrx_word' id='word_1_196' title='bbox 1344 2641 1434 2680; x_wconf 91' lang='lat' dir='ltr'><strong>manu</strong></span> <span class='ocrx_word' id='word_1_197' title='bbox 1455 2623 1525 2682; x_wconf 89' lang='lat' dir='ltr'><strong>scri-</strong></span> 
     </span>
     <span class='ocr_line' id='line_1_22' title="bbox 381 2721 1525 2799; baseline 0 -16"><span class='ocrx_word' id='word_1_198' title='bbox 381 2726 482 2799; x_wconf 92' lang='lat' dir='ltr'><strong>ptum,</strong></span> <span class='ocrx_word' id='word_1_199' title='bbox 502 2743 520 2782; x_wconf 90' lang='grc'><strong>1</strong></span> <span class='ocrx_word' id='word_1_200' title='bbox 539 2723 744 2782; x_wconf 89' lang='lat' dir='ltr'><strong>recentissima</strong></span> <span class='ocrx_word' id='word_1_201' title='bbox 764 2723 930 2780; x_wconf 88' lang='lat' dir='ltr'><strong>correctum</strong></span> <span class='ocrx_word' id='word_1_202' title='bbox 948 2721 1040 2782; x_wconf 88' lang='lat' dir='ltr'><strong>habet</strong></span> <span class='ocrx_word' id='word_1_203' title='bbox 1057 2721 1147 2781; x_wconf 86' lang='lat' dir='ltr'><strong>Laur.</strong></span> <span class='ocrx_word' id='word_1_204' title='bbox 1191 2722 1243 2782; x_wconf 86' lang='lat' dir='ltr'><strong>sed</strong></span> <span class='ocrx_word' id='word_1_205' title='bbox 1258 2726 1421 2798; x_wconf 89' lang='lat' dir='ltr'><strong>supersunt</strong></span> <span class='ocrx_word' id='word_1_206' title='bbox 1434 2724 1525 2783; x_wconf 90' lang='lat' dir='ltr'><strong>mani-</strong></span> 
     </span>
     <span class='ocr_line' id='line_1_23' title="bbox 385 2823 1526 2902; baseline 0 -17"><span class='ocrx_word' id='word_1_207' title='bbox 385 2826 464 2885; x_wconf 88' lang='lat' dir='ltr'><strong>festo</strong></span> <span class='ocrx_word' id='word_1_208' title='bbox 478 2824 527 2884; x_wconf 95' lang='lat' dir='ltr'><strong>hic</strong></span> <span class='ocrx_word' id='word_1_209' title='bbox 542 2842 659 2900; x_wconf 88' lang='lat' dir='ltr'><strong>quoque</strong></span> <span class='ocrx_word' id='word_1_210' title='bbox 673 2824 838 2899; x_wconf 86' lang='lat' dir='ltr'><strong>scripturae</strong></span> <span class='ocrx_word' id='word_1_211' title='bbox 853 2823 966 2899; x_wconf 88' lang='lat' dir='ltr'><strong>primae</strong></span> <span class='ocrx_word' id='word_1_212' title='bbox 980 2843 1086 2883; x_wconf 88' lang='lat' dir='ltr'><strong>manus</strong></span> <span class='ocrx_word' id='word_1_213' title='bbox 1100 2825 1189 2884; x_wconf 86' lang='lat' dir='ltr'><strong>Laur.</strong></span> <span class='ocrx_word' id='word_1_214' title='bbox 1204 2825 1237 2883; x_wconf 91' lang='lat' dir='ltr'><strong>in</strong></span> <span class='ocrx_word' id='word_1_215' title='bbox 1251 2825 1325 2884; x_wconf 90' lang='lat' dir='ltr'><strong>meis</strong></span> <span class='ocrx_word' id='word_1_216' title='bbox 1339 2825 1435 2901; x_wconf 89' lang='lat' dir='ltr'><strong>libris,</strong></span> <span class='ocrx_word' id='word_1_217' title='bbox 1452 2846 1526 2902; x_wconf 88' lang='lat' dir='ltr'><strong>quae</strong></span> 
     </span>
     <span class='ocr_line' id='line_1_24' title="bbox 383 2921 1526 3004; baseline 0.001 -18"><span class='ocrx_word' id='word_1_218' title='bbox 383 2945 418 2986; x_wconf 85' lang='lat' dir='ltr'><strong>ex</strong></span> <span class='ocrx_word' id='word_1_219' title='bbox 433 2926 485 2985; x_wconf 88' lang='lat' dir='ltr'><strong>illo</strong></span> <span class='ocrx_word' id='word_1_220' title='bbox 500 2943 664 3001; x_wconf 89' lang='lat' dir='ltr'><strong>numquam</strong></span> <span class='ocrx_word' id='word_1_221' title='bbox 678 2924 812 3001; x_wconf 86' lang='lat' dir='ltr'><strong>depromi</strong></span> <span class='ocrx_word' id='word_1_222' title='bbox 826 2927 1006 3001; x_wconf 85' lang='lat' dir='ltr'><strong>potuerunt:</strong></span> <span class='ocrx_word' id='word_1_223' title='bbox 1025 2945 1055 2985; x_wconf 89' lang='grc'><strong>1.</strong></span> <span class='ocrx_word' id='word_1_224' title='bbox 1072 2926 1132 2984; x_wconf 87' lang='grc'><strong>752</strong></span> <span class='ocrx_word' id='word_1_225' title='bbox 1153 2921 1281 3001; x_wconf 87' lang='grc' dir='ltr'>ἁρπαγή</span> <span class='ocrx_word' id='word_1_226' title='bbox 1297 2928 1430 2986; x_wconf 91' lang='lat' dir='ltr'><strong>omnium</strong></span> <span class='ocrx_word' id='word_1_227' title='bbox 1443 2947 1526 3004; x_wconf 89' lang='lat' dir='ltr'><strong>prae·</strong></span> 
     </span>
     <span class='ocr_line' id='line_1_25' title="bbox 382 3022 1527 3105; baseline 0 -17"><span class='ocrx_word' id='word_1_228' title='bbox 382 3030 430 3088; x_wconf 91' lang='lat' dir='ltr'><strong>ter</strong></span> <span class='ocrx_word' id='word_1_229' title='bbox 448 3046 556 3100; x_wconf 91' lang='lat' dir='ltr'><strong>unum,</strong></span> <span class='ocrx_word' id='word_1_230' title='bbox 577 3027 629 3102; x_wconf 91' lang='lat' dir='ltr'><strong>qui</strong></span> <span class='ocrx_word' id='word_1_231' title='bbox 648 3022 793 3102; x_wconf 75' lang='grc' dir='ltr'>ἁρπάγηε</span> <span class='ocrx_word' id='word_1_232' title='bbox 822 3028 882 3087; x_wconf 87' lang='grc'><strong>786</strong></span> <span class='ocrx_word' id='word_1_233' title='bbox 904 3026 996 3086; x_wconf 90' lang='lat' dir='ltr'><strong>codex</strong></span> <span class='ocrx_word' id='word_1_234' title='bbox 1016 3047 1091 3087; x_wconf 89' lang='lat' dir='ltr'><strong>saec.</strong></span> <span class='ocrx_word' id='word_1_235' title='bbox 1107 3026 1197 3086; x_wconf 87' lang='lat' dir='ltr'>XHII</span> <span class='ocrx_word' id='word_1_236' title='bbox 1211 3028 1350 3100; x_wconf 89' lang='lat' dir='ltr'><strong>ineuntis,</strong></span> <span class='ocrx_word' id='word_1_237' title='bbox 1372 3030 1423 3105; x_wconf 88' lang='lat' dir='ltr'><strong>qui</strong></span> <span class='ocrx_word' id='word_1_238' title='bbox 1437 3030 1527 3089; x_wconf 88' lang='lat' dir='ltr'><strong>etiam</strong></span> 
     </span>
     <span class='ocr_line' id='line_1_26' title="bbox 384 3124 1525 3207; baseline 0 -17"><span class='ocrx_word' id='word_1_239' title='bbox 384 3128 465 3190; x_wconf 90' lang='lat' dir='ltr'><strong>aolus</strong></span> <span class='ocrx_word' id='word_1_240' title='bbox 482 3129 542 3187; x_wconf 83' lang='lat'><strong>754</strong></span> <span class='ocrx_word' id='word_1_241' title='bbox 558 3124 638 3204; x_wconf 84' lang='grc' dir='ltr'>μέγα</span> <span class='ocrx_word' id='word_1_242' title='bbox 652 3130 759 3201; x_wconf 88' lang='grc'>111117,</span> <span class='ocrx_word' id='word_1_243' title='bbox 770 3128 860 3187; x_wconf 91' lang='lat' dir='ltr'><strong>habet</strong></span> <span class='ocrx_word' id='word_1_244' title='bbox 870 3124 1044 3204; x_wconf 83' lang='grc' dir='ltr'>πλήγματ’,</span> <span class='ocrx_word' id='word_1_245' title='bbox 1061 3129 1241 3204; x_wconf 88' lang='lat' dir='ltr'><strong>scripturam</strong></span> <span class='ocrx_word' id='word_1_246' title='bbox 1253 3130 1525 3207; x_wconf 88' lang='lat' dir='ltr'><strong>minimeineptam‚</strong></span> 
     </span>
     <span class='ocr_line' id='line_1_27' title="bbox 383 3228 1524 3309; baseline 0.002 -19"><span class='ocrx_word' id='word_1_247' title='bbox 383 3230 466 3291; x_wconf 90' lang='lat' dir='ltr'><strong>cuius</strong></span> <span class='ocrx_word' id='word_1_248' title='bbox 487 3229 506 3290; x_wconf 85' lang='grc' dir='ltr'><strong>λ</strong></span> <span class='ocrx_word' id='word_1_249' title='bbox 526 3228 598 3289; x_wconf 86' lang='grc'>11711</span> <span class='ocrx_word' id='word_1_250' title='bbox 618 3228 693 3288; x_wconf 90' lang='lat' dir='ltr'><strong>bene</strong></span> <span class='ocrx_word' id='word_1_251' title='bbox 714 3229 768 3289; x_wconf 90' lang='lat' dir='ltr'><strong>sub</strong></span> <span class='ocrx_word' id='word_1_252' title='bbox 788 3248 892 3289; x_wconf 90' lang='lat' dir='ltr'><strong>rasura</strong></span> <span class='ocrx_word' id='word_1_253' title='bbox 912 3228 1002 3288; x_wconf 86' lang='lat' dir='ltr'><strong>Laur.</strong></span> <span class='ocrx_word' id='word_1_254' title='bbox 1024 3230 1218 3307; x_wconf 81' lang='lat' dir='ltr'><strong>dignoscitur.</strong></span> <span class='ocrx_word' id='word_1_255' title='bbox 1263 3234 1334 3290; x_wconf 91' lang='lat' dir='ltr'><strong>sunt</strong></span> <span class='ocrx_word' id='word_1_256' title='bbox 1360 3232 1452 3309; x_wconf 87' lang='lat' dir='ltr'><strong>igitur</strong></span> <span class='ocrx_word' id='word_1_257' title='bbox 1470 3251 1524 3292; x_wconf 87' lang='lat' dir='ltr'><strong>neo</strong></span> 
     </span>
    </p>
   </div>
   <div class='ocr_carea' id='block_1_5' title="bbox 383 3318 1623 3406">
    <p class='ocr_par' dir='ltr' id='par_1_6' title="bbox 383 3318 1623 3406">
     <span class='ocr_line' id='line_1_28' title="bbox 383 3318 1623 3406; baseline 0.002 -14"><span class='ocrx_word' id='word_1_258' title='bbox 383 3332 458 3392; x_wconf 81' lang='lat' dir='ltr'><strong>vitia</strong></span> <span class='ocrx_word' id='word_1_259' title='bbox 477 3330 548 3403; x_wconf 88' lang='lat' dir='ltr'><strong>elia,</strong></span> <span class='ocrx_word' id='word_1_260' title='bbox 568 3331 601 3389; x_wconf 93' lang='lat' dir='ltr'><strong>in</strong></span> <span class='ocrx_word' id='word_1_261' title='bbox 619 3330 835 3391; x_wconf 87' lang='lat' dir='ltr'><strong>recentioribus</strong></span> <span class='ocrx_word' id='word_1_262' title='bbox 859 3331 1004 3403; x_wconf 84' lang='lat' dir='ltr'><strong>recidiva,</strong></span> <span class='ocrx_word' id='word_1_263' title='bbox 1026 3333 1086 3390; x_wconf 93' lang='lat'><strong>771</strong></span> <span class='ocrx_word' id='word_1_264' title='bbox 1107 3328 1217 3406; x_wconf 75' lang='grc' dir='ltr'>ἤλαεε,</span> <span class='ocrx_word' id='word_1_265' title='bbox 1242 3334 1302 3392; x_wconf 93' lang='grc'><strong>778</strong></span> <span class='ocrx_word' id='word_1_266' title='bbox 1319 3335 1380 3393; x_wconf 89' lang='grc'>780</span> <span class='ocrx_word' id='word_1_267' title='bbox 1399 3331 1524 3396; x_wconf 79' lang='grc' dir='ltr'>πολλὰ(</span> <span class='ocrx_word' id='word_1_268' title='bbox 1619 3318 1623 3322; x_wconf 42' lang='grc'><strong>’</strong></span> 
     </span>
    </p>
   </div>
   <div class='ocr_carea' id='block_1_6' title="bbox 383 3431 1528 4628">
    <p class='ocr_par' dir='ltr' id='par_1_7' title="bbox 383 3431 1528 4628">
     <span class='ocr_line' id='line_1_29' title="bbox 386 3431 1526 3512; baseline 0.001 -18"><span class='ocrx_word' id='word_1_269' title='bbox 386 3449 452 3506; x_wconf 82' lang='lat' dir='ltr'><strong>cuv,</strong></span> <span class='ocrx_word' id='word_1_270' title='bbox 468 3451 503 3492; x_wconf 81' lang='lat' dir='ltr'><strong>ex</strong></span> <span class='ocrx_word' id='word_1_271' title='bbox 517 3431 606 3490; x_wconf 89' lang='lat' dir='ltr'><strong>Laur.</strong></span> <span class='ocrx_word' id='word_1_272' title='bbox 621 3434 725 3491; x_wconf 88' lang='lat' dir='ltr'><strong>nostro</strong></span> <span class='ocrx_word' id='word_1_273' title='bbox 739 3432 893 3506; x_wconf 89' lang='lat' dir='ltr'><strong>translata,</strong></span> <span class='ocrx_word' id='word_1_274' title='bbox 908 3451 963 3492; x_wconf 90' lang='lat' dir='ltr'><strong>nec</strong></span> <span class='ocrx_word' id='word_1_275' title='bbox 977 3452 995 3490; x_wconf 91' lang='grc'><strong>1</strong></span> <span class='ocrx_word' id='word_1_276' title='bbox 1008 3452 1100 3491; x_wconf 91' lang='lat' dir='ltr'><strong>manu</strong></span> <span class='ocrx_word' id='word_1_277' title='bbox 1114 3434 1241 3493; x_wconf 88' lang='lat' dir='ltr'><strong>secunda</strong></span> <span class='ocrx_word' id='word_1_278' title='bbox 1256 3435 1364 3512; x_wconf 81' lang='lat' dir='ltr'><strong>corrigi</strong></span> <span class='ocrx_word' id='word_1_279' title='bbox 1378 3438 1526 3511; x_wconf 86' lang='lat' dir='ltr'><strong>poterant</strong></span> 
     </span>
     <span class='ocr_line' id='line_1_30' title="bbox 383 3532 1526 3613; baseline 0.003 -21"><span class='ocrx_word' id='word_1_280' title='bbox 383 3532 530 3592; x_wconf 86' lang='lat' dir='ltr'><strong>abstinuit</strong></span> <span class='ocrx_word' id='word_1_281' title='bbox 550 3533 652 3592; x_wconf 89' lang='lat' dir='ltr'><strong>eadem</strong></span> <span class='ocrx_word' id='word_1_282' title='bbox 671 3533 708 3592; x_wconf 92' lang='lat' dir='ltr'><strong>ab</strong></span> <span class='ocrx_word' id='word_1_283' title='bbox 728 3533 965 3611; x_wconf 88' lang='lat' dir='ltr'><strong>orthographicis</strong></span> <span class='ocrx_word' id='word_1_284' title='bbox 979 3535 1144 3613; x_wconf 84' lang='lat' dir='ltr'><strong>nonnuliis,</strong></span> <span class='ocrx_word' id='word_1_285' title='bbox 1164 3534 1269 3609; x_wconf 85' lang='grc' dir='ltr'>τῆνδε,</span> <span class='ocrx_word' id='word_1_286' title='bbox 1290 3533 1439 3613; x_wconf 87' lang='grc' dir='ltr'>ήχθηιρεν</span> <span class='ocrx_word' id='word_1_287' title='bbox 1455 3539 1526 3612; x_wconf 94' lang='grc'>772,</span> 
     </span>
     <span class='ocr_line' id='line_1_31' title="bbox 384 3629 1525 3716; baseline 0.008 -23"><span class='ocrx_word' id='word_1_288' title='bbox 384 3634 465 3707; x_wconf 88' lang='lat' dir='ltr'><strong>aliie,</strong></span> <span class='ocrx_word' id='word_1_289' title='bbox 484 3633 608 3709; x_wconf 90' lang='lat' dir='ltr'><strong>reliquit</strong></span> <span class='ocrx_word' id='word_1_290' title='bbox 627 3629 706 3696; x_wconf 81' lang='lat' dir='ltr'><strong>vdoc</strong></span> <span class='ocrx_word' id='word_1_291' title='bbox 728 3636 802 3706; x_wconf 89' lang='grc'>750,</span> <span class='ocrx_word' id='word_1_292' title='bbox 824 3635 903 3710; x_wconf 89' lang='lat' dir='ltr'><strong>quod</strong></span> <span class='ocrx_word' id='word_1_293' title='bbox 922 3636 1069 3695; x_wconf 91' lang='lat' dir='ltr'><strong>recentior</strong></span> <span class='ocrx_word' id='word_1_294' title='bbox 1082 3656 1187 3696; x_wconf 88' lang='lat' dir='ltr'><strong>manus</strong></span> <span class='ocrx_word' id='word_1_295' title='bbox 1202 3638 1340 3697; x_wconf 85' lang='lat' dir='ltr'><strong>correxit.</strong></span> <span class='ocrx_word' id='word_1_296' title='bbox 1369 3638 1525 3716; x_wconf 78' lang='grc' dir='ltr'>φανεῖμεν</span> 
     </span>
     <span class='ocr_line' id='line_1_32' title="bbox 386 3735 1462 3816; baseline 0.005 -22"><span class='ocrx_word' id='word_1_297' title='bbox 386 3735 474 3795; x_wconf 88' lang='lat' dir='ltr'><strong>Laur.</strong></span> <span class='ocrx_word' id='word_1_298' title='bbox 491 3735 571 3795; x_wconf 89' lang='lat' dir='ltr'><strong>solus</strong></span> <span class='ocrx_word' id='word_1_299' title='bbox 587 3735 731 3795; x_wconf 83' lang='lat' dir='ltr'><strong>servavit:</strong></span> <span class='ocrx_word' id='word_1_300' title='bbox 747 3754 783 3794; x_wconf 86' lang='lat' dir='ltr'><strong>ex</strong></span> <span class='ocrx_word' id='word_1_301' title='bbox 796 3737 1012 3797; x_wconf 88' lang='lat' dir='ltr'><strong>recentioribus</strong></span> <span class='ocrx_word' id='word_1_302' title='bbox 1026 3737 1102 3796; x_wconf 89' lang='lat' dir='ltr'><strong>nihil</strong></span> <span class='ocrx_word' id='word_1_303' title='bbox 1116 3738 1204 3814; x_wconf 90' lang='lat' dir='ltr'><strong>paulo</strong></span> <span class='ocrx_word' id='word_1_304' title='bbox 1219 3739 1340 3815; x_wconf 87' lang='lat' dir='ltr'><strong>gravius</strong></span> <span class='ocrx_word' id='word_1_305' title='bbox 1353 3742 1462 3816; x_wconf 84' lang='lat' dir='ltr'><strong>recepi.</strong></span> 
     </span>
     <span class='ocr_line' id='line_1_33' title="bbox 468 3833 1528 3916; baseline 0.006 -22"><span class='ocrx_word' id='word_1_306' title='bbox 468 3835 634 3895; x_wconf 79' lang='lat' dir='ltr'><strong>Emendare</strong></span> <span class='ocrx_word' id='word_1_307' title='bbox 659 3838 806 3913; x_wconf 80' lang='lat' dir='ltr'><strong>temptari</strong></span> <span class='ocrx_word' id='word_1_308' title='bbox 832 3840 892 3897; x_wconf 90' lang='grc'><strong>761</strong></span> <span class='ocrx_word' id='word_1_309' title='bbox 919 3833 1134 3911; x_wconf 75' lang='grc' dir='ltr'>ἐξεκείνωεεν,</span> <span class='ocrx_word' id='word_1_310' title='bbox 1166 3840 1246 3916; x_wconf 87' lang='lat' dir='ltr'><strong>quod</strong></span> <span class='ocrx_word' id='word_1_311' title='bbox 1270 3842 1416 3916; x_wconf 88' lang='lat' dir='ltr'><strong>scriptum</strong></span> <span class='ocrx_word' id='word_1_312' title='bbox 1440 3845 1486 3902; x_wconf 92' lang='lat' dir='ltr'><strong>est</strong></span> <span class='ocrx_word' id='word_1_313' title='bbox 1510 3864 1528 3900; x_wconf 88' lang='grc'><strong>1</strong></span> 
     </span>
     <span class='ocr_line' id='line_1_34' title="bbox 383 3933 1527 4019; baseline 0.004 -22"><span class='ocrx_word' id='word_1_314' title='bbox 383 3938 522 4010; x_wconf 88' lang='lat' dir='ltr'><strong>librariis,</strong></span> <span class='ocrx_word' id='word_1_315' title='bbox 538 3939 573 3996; x_wconf 92' lang='lat' dir='ltr'><strong>ut</strong></span> <span class='ocrx_word' id='word_1_316' title='bbox 585 3956 614 3995; x_wconf 92' lang='grc'><strong>1.</strong></span> <span class='ocrx_word' id='word_1_317' title='bbox 631 3938 693 3997; x_wconf 87' lang='grc'>805</span> <span class='ocrx_word' id='word_1_318' title='bbox 708 3933 878 4014; x_wconf 83' lang='grc' dir='ltr'>μείμνουει,</span> <span class='ocrx_word' id='word_1_319' title='bbox 894 3958 962 3998; x_wconf 88' lang='lat' dir='ltr'><strong>cum</strong></span> <span class='ocrx_word' id='word_1_320' title='bbox 977 3939 1057 4011; x_wconf 89' lang='lat' dir='ltr'><strong>alibi,</strong></span> <span class='ocrx_word' id='word_1_321' title='bbox 1077 3942 1113 3998; x_wconf 91' lang='lat' dir='ltr'><strong>ut</strong></span> <span class='ocrx_word' id='word_1_322' title='bbox 1128 3941 1217 4000; x_wconf 91' lang='lat' dir='ltr'><strong>etiam</strong></span> <span class='ocrx_word' id='word_1_323' title='bbox 1230 3940 1406 4017; x_wconf 85' lang='lat' dir='ltr'><strong>Hesychius,</strong></span> <span class='ocrx_word' id='word_1_324' title='bbox 1422 3943 1460 4001; x_wconf 87' lang='lat' dir='ltr'><strong>ad</strong></span> <span class='ocrx_word' id='word_1_325' title='bbox 1474 3961 1527 4019; x_wconf 75' lang='grc' dir='ltr'><strong>κη·</strong></span> 
     </span>
     <span class='ocr_line' id='line_1_35' title="bbox 385 4034 1526 4118; baseline 0.003 -17"><span class='ocrx_word' id='word_1_326' title='bbox 385 4034 488 4101; x_wconf 75' lang='grc' dir='ltr'>νύῑεω</span> <span class='ocrx_word' id='word_1_327' title='bbox 509 4037 720 4097; x_wconf 80' lang='lat' dir='ltr'><strong>aberraverint.</strong></span> <span class='ocrx_word' id='word_1_328' title='bbox 754 4039 879 4099; x_wconf 85' lang='lat' dir='ltr'><strong>verbum</strong></span> <span class='ocrx_word' id='word_1_329' title='bbox 897 4045 1075 4116; x_wconf 90' lang='lat' dir='ltr'><strong>usurpatum</strong></span> <span class='ocrx_word' id='word_1_330' title='bbox 1096 4061 1113 4099; x_wconf 92' lang='lat' dir='ltr'><strong>a</strong></span> <span class='ocrx_word' id='word_1_331' title='bbox 1132 4045 1222 4116; x_wconf 91' lang='lat' dir='ltr'><strong>poeta</strong></span> <span class='ocrx_word' id='word_1_332' title='bbox 1242 4040 1373 4118; x_wconf 87' lang='lat' dir='ltr'><strong>Ohoeph.</strong></span> <span class='ocrx_word' id='word_1_333' title='bbox 1392 4045 1451 4104; x_wconf 89' lang='grc'><strong>192</strong></span> <span class='ocrx_word' id='word_1_334' title='bbox 1472 4044 1526 4118; x_wconf 84' lang='lat' dir='ltr'><strong>H.3</strong></span> 
     </span>
     <span class='ocr_line' id='line_1_36' title="bbox 385 4138 1527 4218; baseline 0.005 -18"><span class='ocrx_word' id='word_1_335' title='bbox 385 4139 571 4218; x_wconf 84' lang='lat' dir='ltr'><strong>significatus</strong></span> <span class='ocrx_word' id='word_1_336' title='bbox 591 4138 724 4197; x_wconf 91' lang='lat' dir='ltr'><strong>nondum</strong></span> <span class='ocrx_word' id='word_1_337' title='bbox 745 4142 817 4200; x_wconf 87' lang='lat' dir='ltr'><strong>satis</strong></span> <span class='ocrx_word' id='word_1_338' title='bbox 833 4143 1009 4218; x_wconf 88' lang='lat' dir='ltr'><strong>perspicuus</strong></span> <span class='ocrx_word' id='word_1_339' title='bbox 1024 4143 1075 4202; x_wconf 83' lang='lat' dir='ltr'><strong>vix</strong></span> <span class='ocrx_word' id='word_1_340' title='bbox 1089 4145 1190 4201; x_wconf 87' lang='lat' dir='ltr'><strong>tamen</strong></span> <span class='ocrx_word' id='word_1_341' title='bbox 1204 4143 1323 4203; x_wconf 84' lang='lat' dir='ltr'><strong>videtur</strong></span> <span class='ocrx_word' id='word_1_342' title='bbox 1336 4145 1373 4203; x_wconf 91' lang='lat' dir='ltr'><strong>ab</strong></span> <span class='ocrx_word' id='word_1_343' title='bbox 1390 4146 1527 4206; x_wconf 86' lang='lat' dir='ltr'><strong>hocloco</strong></span> 
     </span>
     <span class='ocr_line' id='line_1_37' title="bbox 385 4242 1527 4318; baseline 0.006 -18"><span class='ocrx_word' id='word_1_344' title='bbox 385 4242 508 4300; x_wconf 88' lang='lat' dir='ltr'><strong>alienus.</strong></span> <span class='ocrx_word' id='word_1_345' title='bbox 537 4260 566 4299; x_wconf 90' lang='grc'><strong>1.</strong></span> <span class='ocrx_word' id='word_1_346' title='bbox 583 4242 701 4312; x_wconf 85' lang='grc'>77911,</span> <span class='ocrx_word' id='word_1_347' title='bbox 718 4261 805 4318; x_wconf 88' lang='lat' dir='ltr'><strong>quam</strong></span> <span class='ocrx_word' id='word_1_348' title='bbox 820 4243 898 4316; x_wconf 88' lang='lat' dir='ltr'><strong>dedi,</strong></span> <span class='ocrx_word' id='word_1_349' title='bbox 918 4245 1083 4303; x_wconf 83' lang='lat' dir='ltr'><strong>mutatione</strong></span> <span class='ocrx_word' id='word_1_350' title='bbox 1102 4244 1299 4304; x_wconf 83' lang='lat' dir='ltr'><strong>intellexerim</strong></span> <span class='ocrx_word' id='word_1_351' title='bbox 1314 4245 1350 4305; x_wconf 91' lang='lat' dir='ltr'><strong>de</strong></span> <span class='ocrx_word' id='word_1_352' title='bbox 1371 4247 1527 4307; x_wconf 84' lang='lat' dir='ltr'><strong>sortitione</strong></span> 
     </span>
     <span class='ocr_line' id='line_1_38' title="bbox 386 4342 1526 4423; baseline 0.006 -21"><span class='ocrx_word' id='word_1_353' title='bbox 386 4342 615 4413; x_wconf 89' lang='lat' dir='ltr'><strong>coniuratorum,</strong></span> <span class='ocrx_word' id='word_1_354' title='bbox 633 4361 721 4417; x_wconf 88' lang='lat' dir='ltr'><strong>quam</strong></span> <span class='ocrx_word' id='word_1_355' title='bbox 741 4347 951 4404; x_wconf 91' lang='lat' dir='ltr'><strong>commemorat</strong></span> <span class='ocrx_word' id='word_1_356' title='bbox 965 4345 1138 4405; x_wconf 89' lang='lat' dir='ltr'><strong>Herodotus</strong></span> <span class='ocrx_word' id='word_1_357' title='bbox 1154 4347 1182 4420; x_wconf 88' lang='lat'><strong>3,</strong></span> <span class='ocrx_word' id='word_1_358' title='bbox 1199 4348 1248 4418; x_wconf 88' lang='grc'><strong>83,</strong></span> <span class='ocrx_word' id='word_1_359' title='bbox 1264 4346 1384 4423; x_wconf 86' lang='grc' dir='ltr'>τοῦπερ</span> <span class='ocrx_word' id='word_1_360' title='bbox 1399 4343 1526 4422; x_wconf 83' lang='grc' dir='ltr'>ἤθελον,</span> 
     </span>
     <span class='ocr_line' id='line_1_39' title="bbox 386 4441 1528 4521; baseline 0.005 -18"><span class='ocrx_word' id='word_1_361' title='bbox 386 4460 459 4516; x_wconf 76' lang='lat' dir='ltr'><strong>quae</strong></span> <span class='ocrx_word' id='word_1_362' title='bbox 479 4444 513 4501; x_wconf 79' lang='grc'><strong>111</strong></span> <span class='ocrx_word' id='word_1_363' title='bbox 531 4441 603 4513; x_wconf 75' lang='lat' dir='ltr'><strong>fatis</strong></span> <span class='ocrx_word' id='word_1_364' title='bbox 623 4448 693 4502; x_wconf 81' lang='lat' dir='ltr'><strong>erat.</strong></span> <span class='ocrx_word' id='word_1_365' title='bbox 730 4463 759 4503; x_wconf 91' lang='grc'><strong>1.</strong></span> <span class='ocrx_word' id='word_1_366' title='bbox 777 4445 837 4503; x_wconf 95' lang='grc'>782</span> <span class='ocrx_word' id='word_1_367' title='bbox 857 4444 1042 4521; x_wconf 86' lang='lat' dir='ltr'><strong>ingeniosam</strong></span> <span class='ocrx_word' id='word_1_368' title='bbox 1057 4446 1177 4506; x_wconf 85' lang='lat' dir='ltr'><strong>exhibui</strong></span> <span class='ocrx_word' id='word_1_369' title='bbox 1191 4447 1333 4507; x_wconf 86' lang='lat' dir='ltr'><strong>Meinekii</strong></span> <span class='ocrx_word' id='word_1_370' title='bbox 1348 4448 1528 4509; x_wconf 89' lang='lat' dir='ltr'><strong>emendatio·</strong></span> 
     </span>
     <span class='ocr_line' id='line_1_40' title="bbox 385 4542 1528 4628; baseline 0.006 -25"><span class='ocrx_word' id='word_1_371' title='bbox 385 4563 464 4626; x_wconf 80' lang='lat' dir='ltr'><strong>nem,</strong></span> <span class='ocrx_word' id='word_1_372' title='bbox 485 4560 634 4624; x_wconf 84' lang='lat' dir='ltr'><strong>praeque</strong></span> <span class='ocrx_word' id='word_1_373' title='bbox 659 4542 835 4621; x_wconf 87' lang='lat' dir='ltr'><strong>displicebat</strong></span> <span class='ocrx_word' id='word_1_374' title='bbox 859 4545 935 4607; x_wconf 80' lang='grc' dir='ltr'>παῖε</span> <span class='ocrx_word' id='word_1_375' title='bbox 961 4543 1020 4608; x_wconf 84' lang='grc' dir='ltr'><strong>νέα</strong></span> <span class='ocrx_word' id='word_1_376' title='bbox 1044 4544 1119 4609; x_wconf 78' lang='grc' dir='ltr'>νέο(</span> <span class='ocrx_word' id='word_1_377' title='bbox 1145 4544 1231 4611; x_wconf 84' lang='grc' dir='ltr'>νέων</span> <span class='ocrx_word' id='word_1_378' title='bbox 1258 4549 1390 4628; x_wconf 86' lang='grc' dir='ltr'>φρονεῖ,</span> <span class='ocrx_word' id='word_1_379' title='bbox 1411 4550 1472 4609; x_wconf 81' lang='lat' dir='ltr'><strong>fere</strong></span> <span class='ocrx_word' id='word_1_380' title='bbox 1493 4554 1528 4611; x_wconf 92' lang='lat' dir='ltr'><strong>ut</strong></span> 
     </span>
    </p>
   </div>
   <div class='ocr_carea' id='block_1_7' title="bbox 0 0 1848 5600">
    <p class='ocr_par' dir='ltr' id='par_1_8' title="bbox 0 0 1848 5600">
     <span class='ocr_line' id='line_1_41' title="bbox 0 0 1848 5600; baseline 0 0"><span class='ocrx_word' id='word_1_381' title='bbox 0 0 1848 5600; x_wconf 95' lang='lat' dir='ltr'><strong> </strong></span> 
     </span>
    </p>
   </div>
  </div>
 </body>
</html>
