3659 5600
935 551 978 618 58

386 752 505 809 secutus
524 752 625 808 tamen
645 747 838 822 archetypum
858 765 923 805 esse
942 746 1062 804 uidetur
1081 745 1114 803 in
1134 745 1256 820 proclisi
1275 744 1529 819 praepositionum

385 852 526 924 omnium,
546 850 579 909 in
599 849 728 908 notanda
747 844 782 908 ἐκ
796 845 942 922 πλήρους
963 847 1110 921 scriptura
1131 847 1191 905 807
1213 841 1343 920 ὕψιςτα,
1366 846 1493 922 simplici
1508 863 1529 906 α

385 951 585 1029 superposite,
608 970 682 1026 quae
702 951 734 1008 in
755 950 854 1009 codice
875 968 950 1007 saec.
967 947 1057 1006 XIIII
1071 948 1235 1023 scripturae
1249 948 1329 1007 facta
1345 951 1391 1008 est
1406 948 1528 1007 diversi·

384 1059 445 1130 tas3
468 1054 500 1112 in
521 1072 569 1125 eo,
590 1052 669 1128 quod
689 1072 718 1111 1.
734 1052 795 1111 828
818 1050 951 1126 scripsit,
973 1046 1105 1111 ἔςθυνο(
1124 1049 1198 1108 utile
1218 1050 1350 1109 servavit
1377 1050 1527 1123 indicium,

384 1156 578 1231 archetypum
593 1173 678 1213 suum
693 1173 753 1212 non
766 1152 860 1211 fuisse
875 1155 1027 1211 exaratum
1037 1151 1147 1210 litteris
1162 1151 1337 1209 uncialibus.
1363 1153 1528 1229 recognitio

383 1277 437 1316 nec
452 1257 499 1316 hic
514 1257 577 1314 ulla
591 1255 662 1328 fuit,
684 1257 841 1329 antequam
856 1255 1011 1329 scriptura,
1034 1272 1211 1330 quamquam
1224 1253 1321 1327 paulo,
1342 1272 1430 1328 quam
1445 1273 1527 1329 supe·

385 1359 474 1417 rioris
488 1358 623 1434 paginae,
639 1356 825 1427 luculentior,
848 1359 877 1414 et
891 1357 956 1431 ipsa
970 1355 1084 1431 aliquot
1096 1355 1169 1413 locis
1184 1355 1244 1412 iam
1259 1355 1384 1414 evanida
1398 1355 1528 1414 diortho-

383 1464 453 1531 tem,
475 1462 510 1516 ut
525 1478 560 1517 ex
573 1458 742 1517 litterarum
756 1458 931 1533 quibusdam
946 1456 1051 1516 formis
1066 1459 1197 1532 apparet,
1218 1456 1306 1531 primi
1328 1456 1528 1531 quaternionis

383 1564 471 1620 nacta
491 1563 550 1634 est,
572 1561 623 1636 qui
644 1560 715 1618 satis
738 1577 858 1634 operose
873 1559 1015 1618 tredecim
1029 1562 1147 1619 tantum
1162 1558 1297 1617 uersibus
1311 1558 1526 1634 praetermissis

382 1664 513 1738 reliquos
535 1661 768 1722 correctionibus
786 1661 933 1736 opplevit,
956 1679 1027 1736 quas
1047 1660 1143 1719 tribus
1164 1660 1282 1737 paginis
1303 1660 1374 1719 libri
1387 1660 1446 1718 mei
1460 1679 1527 1718 eno·

382 1765 454 1824 tevi.
483 1764 635 1840 graviores
658 1765 742 1836 sunt,
765 1762 857 1821 altera
871 1783 900 1821 v.
918 1763 988 1835 794,
1008 1762 1059 1821 ubi
1073 1763 1169 1838 prima
1183 1781 1287 1820 manus
1303 1757 1527 1836 ὑπερπόλλους

383 1866 498 1939 habuit,
513 1864 679 1924 Hermanni
694 1866 903 1937 coniecturam,
919 1864 1029 1921 litteris
1041 1862 1079 1922 λλ
1095 1865 1136 1922 ita
1151 1866 1319 1935 contractis,
1332 1865 1366 1920 ut
1380 1863 1527 1938 posterior

383 1969 505 2026 alterius
526 1968 638 2026 tibicen
659 1966 753 2039 desit,
775 1965 805 2023 id
827 1965 905 2040 quod
926 1966 957 2022 in
971 1985 1000 2024 v.
1017 1966 1079 2024 330
1093 1967 1124 2023 et
1138 1967 1190 2023 aut
1205 1966 1265 2023 809
1281 1966 1333 2022 aut
1347 1964 1408 2022 824
1424 1963 1526 2021 eodem

382 2070 471 2128 modo
492 2069 541 2144 fit3
562 2067 752 2143 interpolatio
773 2067 952 2125 recensionis
974 2085 1049 2125 saec.
1065 2065 1123 2124 XII
1143 2065 1227 2124 illata
1247 2069 1306 2138 est,
1334 2084 1408 2140 quae
1436 2065 1526 2123 etiam

382 2165 478 2229 libros
492 2189 573 2230 meos
588 2170 777 2241 uetustiores,
792 2168 872 2226 inter
887 2153 1121 2242 quos'Venetum
1131 2167 1269 2242 priorem,
1282 2167 1402 2226 insedit.
1432 2168 1526 2225 altera

383 2274 430 2331 est
446 2273 507 2331 816
523 2267 673 2343 πέλανος,
682 2289 745 2328 non
760 2270 866 2342 deleto,
879 2269 930 2344 qui
945 2269 1072 2345 aprima
1085 2288 1175 2327 manu
1189 2269 1291 2327 aderat
1306 2270 1454 2341 accentus,
1469 2283 1525 2328 πε-

383 2370 497 2446 λανὸς,
521 2373 557 2431 de
579 2390 636 2448 quo
658 2371 827 2431 discrimine
848 2371 909 2429 dixi
931 2389 1019 2446 supra
1041 2391 1071 2445 p.
1087 2371 1137 2428 39.
1172 2372 1202 2428 ct
1222 2370 1277 2429 hoc
1299 2372 1329 2428 et
1349 2365 1525 2446 πιμπράναι

384 2476 447 2535 810
461 2477 508 2533 est
522 2474 555 2532 in
568 2473 794 2533 recentioribus.
824 2474 857 2531 in
872 2468 983 2531 rasuris
996 2471 1173 2547 quibusdam
1187 2471 1390 2548 amplioribus,
1406 2491 1456 2530 vu.
1465 2473 1524 2530 796

383 2576 454 2648 823,
470 2575 541 2650 quid
556 2575 688 2634 deletum
703 2576 750 2647 sit,
767 2594 827 2633 non
841 2575 943 2650 liquet.
974 2573 1163 2632 relictasunt
1177 2573 1318 2632 mendosa
1332 2573 1434 2644 multa,
1450 2592 1524 2648 quae

383 2678 446 2737 sine
461 2677 580 2753 negotio
596 2696 630 2735 ex
644 2677 729 2735 libris
749 2677 832 2749 meis,
853 2677 1021 2751 multoque,
1043 2695 1131 2750 quam
1145 2675 1240 2734 adhuc
1256 2676 1442 2746 factumest,
1465 2694 1524 2734 cer.-

381 2779 442 2838 tius
457 2777 668 2837 emcndantur:
691 2777 750 2836 795
766 2773 905 2852 ἐυςτελῆ,
922 2778 965 2837 ita
980 2778 1067 2850 enim,
1083 2777 1162 2853 quod
1178 2779 1282 2851 sciam,
1298 2777 1387 2835 Laur.
1403 2779 1434 2836 et
1447 2795 1524 2835 unus

383 2900 456 2941 suec.
472 2879 560 2953 XIII,
584 2899 619 2938 ex
640 2878 762 2954 reliquis
782 2880 813 2937 id
835 2880 957 2955 aetatis3
982 2880 1042 2938 796
1062 2876 1194 2954 τρόποι(
1213 2899 1248 2938 ex
1272 2879 1420 2952 omnibus,
1440 2882 1475 2937 ut
1495 2882 1525 2937 et

383 2984 444 3042 806
460 2978 571 3057 φίλος,
594 2983 654 3039 817
675 2977 839 3054 πλατέων,
862 2983 923 3039 819
940 2996 1054 3056 ςημαν,
1071 2981 1149 3056 quod
1164 2982 1345 3040 diorthotam
1359 2980 1525 3057 neglexisse

382 3083 515 3143 scholion
535 3083 649 3159 arguit,
671 3082 733 3140 826
755 3078 863 3162 ἐγχέῃ,
891 3082 916 3141 si
936 3082 1024 3140 modo
1044 3085 1123 3141 recte
1144 3083 1186 3140 ita
1205 3103 1240 3141 ex
1260 3082 1350 3141 Laur.
1372 3082 1524 3157 descripsi.

382 3186 443 3244 811
466 3181 498 3244 θ’
519 3183 692 3243 Triclinieni
707 3185 826 3241 tantum
840 3183 1000 3259 praebent:
1022 3185 1082 3243 817
1100 3178 1236 3258 δωρίδος
1252 3184 1310 3243 duo
1327 3202 1403 3242 saec.
1418 3182 1523 3258 XIIII,

381 3286 472 3343 malui
493 3303 541 3343 eos
563 3285 662 3361 sequi,
684 3284 735 3359 qui
756 3279 872 3359 δωρίας
892 3304 982 3359 supra
1001 3284 1129 3360 ascripto
1150 3285 1207 3346 δος
1221 3285 1360 3344 habuisse
1374 3285 1523 3344 videntur.

382 3406 455 3464 quae
475 3388 592 3446 restant
613 3386 675 3443 815
697 3386 773 3457 819,
795 3386 858 3445 sine
877 3386 963 3445 libris
984 3389 1055 3444 sunt
1075 3389 1216 3445 correcta.
1245 3390 1313 3461 post
1326 3407 1355 3446 v.
1371 3387 1433 3447 803
1449 3387 1523 3445 exci-

323 3560 326 3565 ,
381 3489 460 3548 disse
476 3487 619 3564 quaedam
638 3486 827 3545 Hermannus
849 3488 989 3546 coniecit:
1016 3490 1178 3563 potuerunt
1198 3488 1340 3564 profecto,
1358 3489 1383 3547 si
1398 3506 1472 3562 quae
1487 3488 1522 3545 de

382 3590 587 3666 supplemento
608 3588 771 3663 superioris
790 3588 916 3664 paginae
936 3588 1076 3661 disserui,
1099 3588 1177 3664 quod
1198 3588 1284 3648 facile
1305 3589 1411 3664 patior,
1434 3589 1523 3647 nimis

381 3691 470 3750 dubia
489 3690 820 3771 habeanturtgnamque
844 3708 948 3749 versus
974 3709 1083 3749 xxxvn
1109 3690 1306 3749 intercedunt.
1347 3690 1399 3750 sed
1424 3693 1523 3748 tamen

381 3792 523 3851 omissum
542 3791 648 3852 Xerxis
674 3810 783 3850 nomen
809 3792 858 3849 vix
877 3791 945 3867 plus
965 3791 1055 3850 habet
1075 3790 1246 3851 offensionis
1273 3810 1361 3866 quam
1384 3811 1434 3851 vv.
1463 3792 1522 3851 722

381 3895 441 3952 723
458 3894 528 3953 733.

463 3994 498 4053 Ρ.
513 4015 552 4052 xx
573 3992 634 4071 (vv.
650 3995 711 4053 835
728 3994 765 4052 ad
781 3990 854 4071 875)
874 3993 1001 4068 primam
1024 4013 1145 4052 manum
1164 3994 1243 4053 inter
1263 3994 1452 4053 scribendum
1472 3996 1522 4054 ali·

381 4096 517 4171 quotiens
539 4115 603 4155 sese
622 4098 812 4155 revocantem
830 4114 934 4154 rasura
955 4113 1039 4153 usam
1060 4113 1120 4153 uno
1139 4096 1171 4152 in
1185 4095 1250 4154 loco
1265 4097 1452 4156 manifestius
1467 4100 1521 4170 est,

381 4217 468 4273 quam
484 4197 616 4256 antehac.
648 4198 778 4256 servavit
797 4196 940 4272 proclisin
959 4197 1213 4272 praepositionum
1232 4200 1263 4256 et
1282 4198 1320 4255 ad
1340 4217 1369 4257 v.
1384 4198 1446 4257 857
1461 4216 1522 4259 ποι-

381 4295 566 4374 ράγραφον,
588 4318 646 4373 qua
664 4299 784 4358 initium
800 4298 1002 4374 antistrophae
1017 4298 1175 4357 indicatur.
1208 4299 1370 4374 scripturae
1385 4300 1447 4358 eius
1462 4320 1522 4357 ma-

380 4420 445 4472 nus,
466 4419 539 4476 quae
559 4400 637 4475 apud
659 4399 865 4458 Hermannum
884 4401 982 4459 minus
1003 4404 1083 4460 recte
1103 4402 1239 4458 enotatae
1259 4403 1352 4473 erant,
1372 4402 1483 4475 partim
1505 4420 1523 4458 a

380 4501 534 4560 Dindorfio
550 4503 620 4560 sunt
633 4501 779 4577 prolatae:
795 4502 857 4577 ipse
872 4503 975 4561 notavi
989 4522 1018 4561 v.
1031 4501 1093 4560 854
1109 4501 1163 4560 sub
1179 4502 1362 4560 correctione
1377 4501 1522 4561 secundae

380 4621 485 4662 manus
499 4602 590 4662 latere
604 4600 738 4678 γαραιὸς
753 4606 804 4661 aut
818 4598 959 4678 γηραιὸς,
974 4623 1004 4665 v.
1021 4603 1083 4662 854
1098 4603 1202 4662 eodem
1215 4601 1303 4661 modo
1319 4596 1406 4678 ἆρχε,
1422 4622 1451 4663 v.
1459 4604 1520 4662 857
