3659 5600
841 537 881 600 27

375 726 462 788 θῖνες
482 727 605 801 νεκρῶν
628 723 665 787 δέ
686 722 736 788 καὶ
756 723 956 807 τριτοςπόρῳ
978 730 1059 809 γονῇ

374 840 493 921 ἄφωνα
515 843 705 920 ςημανοῦςω
726 839 859 921 όμμαςιν
882 846 1024 925 βροτῶν,

376 961 420 1025 ῶς
442 959 504 1038 οὐχ
526 958 672 1040 ὑπέρφευ
695 960 813 1040 θνητόν
835 959 915 1026 ὄντα
937 960 997 1040 χρὴ
1020 964 1167 1041 φρονεῖν.

300 1112 304 1121 -
376 1077 464 1159 ὑβρις
484 1078 547 1157 γὰρ
569 1077 738 1144 ἐξανθοῦς’
761 1077 925 1158 ἐκάρπωςε
946 1076 1063 1158 ςτάχυν

375 1195 471 1278 ἄτης,
493 1196 569 1262 ὅθεν
591 1196 798 1273 πάγκλαυτον
820 1196 918 1280 ἐξαμᾷ
939 1195 1042 1275 θέρος.

374 1315 502 1380 τοιαῦθ’
523 1314 665 1393 ὁρῶντες
685 1318 788 1380 τῶνδε
809 1314 970 1394 τάπιτίμια

374 1433 526 1514 μέμνηςθ’
545 1432 690 1512 Ἀθηνῶν
713 1430 865 1498 Ἑλλάδος
885 1452 937 1515 τε,
960 1431 1039 1512 μηδέ
1059 1451 1107 1497 τις

374 1544 622 1632 ὑπερφρονήςας
643 1552 701 1616 τὸν
722 1550 869 1631 παρόντα
890 1551 1030 1629 δαίμονα

374 1670 484 1735 ἄλλων
507 1668 648 1750 ἐραςθεὶς
669 1667 770 1750 ὄλβον
793 1668 885 1754 ἐκχέῃ
908 1668 1017 1749 μέγαν.

374 1787 457 1853 Ζεὺς
478 1809 528 1853 τοι
549 1790 703 1868 κολαςτὴς
724 1793 789 1853 τῶν
812 1785 1027 1867 ὑπερκόμπων
1042 1784 1125 1863 ἄγαν

376 1907 594 1986 φρονημάτων
617 1907 759 1989 ἔπεςτιν,
781 1905 915 1972 εὔθυνος
938 1904 1043 1985 βαρύς.

374 2025 457 2105 πρὸς
477 2024 571 2089 ταῦτ’
592 2025 733 2107 ἐκεῖνον,
756 2026 939 2104 ςωφρονεῑν
963 2022 1167 2105 κεχρημένοι,

374 2142 537 2209 πινὺςκετ’
559 2142 717 2219 εὐλόγοιςι
739 2143 986 2225 νουθετήμαςιν,

373 2263 463 2341 λῆξαι
484 2261 718 2342 θεοβλαβοῦνθ’
739 2239 935 2345 ὑπερκόμπῳ
957 2259 1071 2339 θρᾶςει.

374 2380 412 2445 ςὺ
433 2378 477 2463 δ’,
500 2380 527 2443 ῶ
549 2379 661 2457 γεραιὰ
682 2382 780 2460 μῆτερ
801 2379 821 2458 ἡ
845 2379 969 2459 Ξέρξου
992 2377 1085 2460 φίλη,

374 2476 501 2563 ἐλθοῦς’
524 2498 557 2563 ἐς
578 2495 688 2563 οἴκους
709 2497 826 2577 κόςμον
849 2497 934 2564 ἄςτις
955 2496 1118 2576 εὐπρεπὴς

375 2615 507 2697 λαβοῦς’
529 2614 699 2683 ὑπαντίαζε
721 2616 817 2682 παιδί.
861 2615 1050 2696 πάνταγὰρ

354 2715 356 2720 ’
374 2738 480 2800 κακῶν
502 2732 562 2798 ὑπ’
583 2732 703 2811 ἄλγους
724 2733 850 2800 λακίδες
873 2733 956 2817 ἀμφὶ
977 2734 1095 2814 κώματι

374 2857 623 2933 ςτημορραγοῦςι
644 2853 798 2918 ποικίλων
821 2852 1038 2935 ἐςθημάτων·

373 2970 449 3036 ἀλλ’
471 2970 572 3039 αὑτὸν
594 2969 765 3052 εὐφρόνως
787 2972 823 3035 ςὺ
845 2970 993 3051 πράυνον
1016 2971 1145 3048 λόγοις·

374 3089 473 3169 μόνης
494 3090 572 3171 γὰρ,
597 3088 689 3166 οῖδα,
712 3093 769 3155 ςοῦ
790 3088 898 3157 κλύων
921 3089 1074 3156 ἀνέξεται.

375 3208 438 3283 ἐγὼ
462 3207 495 3273 δ’
517 3207 623 3287 ἄπειμι
644 3212 703 3287 γῆς
724 3208 789 3274 ὑπὸ
811 3209 917 3291 Ζόφον
940 3208 1034 3273 κάτω.

373 3327 462 3405 ὑμεῖς
483 3328 534 3410 δέ,
557 3326 717 3408 πρέςβεις,
741 3327 872 3408 χαίρετ’,
896 3327 932 3392 ἐν
954 3329 1064 3391 κακοῖς
1085 3327 1172 3407 δ’μως

374 3450 462 3528 ψυχῇ
485 3445 629 3510 διδόντες
649 3445 772 3524 ἡδονὴν
794 3444 868 3510 καθ’
888 3444 1026 3527 ἡμέραν,

374 3563 420 3628 ῶς
440 3564 508 3626 τοῖς
530 3566 660 3629 θανοῦςι
682 3565 822 3630 πλοῦτος
844 3562 941 3628 οὑδέν
964 3562 1093 3642 ὠφελεῖ.

289 3680 351 3745 XO.
372 3680 392 3759 ἦ
414 3680 523 3744 πολλὰ
544 3680 595 3744 καὶ
616 3680 762 3760 παρόντα
783 3682 835 3744 καὶ
856 3680 1008 3758 μέλλοντ’
1030 3680 1076 3745 ἔτι

373 3796 488 3877 ἤλγης’
509 3796 647 3865 άκοὺςας
670 3798 853 3881 βαρβάροιει
875 3800 1011 3879 πήματα.

287 3914 346 3979 ΑΤ.
373 3913 399 3979 ῶ
422 3917 554 3999 δαῖμον,
577 3914 624 3980 ῶς
645 3935 683 3996 με
705 3916 805 3982 πόλλ’
827 3916 985 3997 ἐςὲρχεται
1008 3919 1087 3982 κακὰ

373 4031 468 4111 ἄλγη,
492 4032 623 4111 μάλιςτα
645 4033 678 4099 δ’
700 4033 757 4112 ἣδε
780 4016 930 4116 ςυμφορᾶ
952 4033 1076 4119 δάκνει,
1184 4119 1186 4124 ⁴

372 4150 494 4229 ἀτιμίαν
516 4171 553 4228 γε
576 4151 691 4217 παιδὸς
713 4151 796 4232 ἀμφὶ
818 4154 935 4231 ςῶματι

371 4267 554 4349 ἐςθημάτων
576 4269 753 4353 κλὺουςαν,
775 4270 795 4349 ἦ
818 4291 868 4338 νιν
891 4270 1032 4351 ἀμπέχει.

369 4385 446 4451 ἀλλ’
468 4384 547 4468 είμι,
571 4388 622 4452 καὶ
643 4389 783 4468 λαβοῦςα
804 4389 922 4467 κόςμον
945 4390 980 4454 ἐκ
1001 4390 1111 4471 δόμων

371 4502 527 4571 ὑπαντιᾶν
550 4504 711 4571 ἐνωπαδὶς
731 4506 927 4588 πειράςομαι.

371 4621 411 4687 οὐ
433 4623 494 4701 γὰρ
517 4623 557 4687 τὰ
579 4623 708 4703 φίλτατ’
730 4623 766 4689 ἐν
788 4628 897 4691 κακοῖς
919 4626 1139 4708 προδώςομεν.
