3659 5600
775 546 811 553 -
857 524 907 571 vll
949 548 992 555 --

310 677 457 762 trilogiae
484 677 588 761 legem
616 698 712 760 eaque
742 677 849 741 omnia
876 678 915 740 ab
946 700 983 741 eo
1011 678 1194 742 introducta
1221 700 1306 761 esse,
1336 680 1449 762 quibus

312 798 411 861 artem
432 795 590 860 scenicam
610 795 804 859 instaurasse
825 793 941 859 dicitur
961 795 1002 859 ab
1017 796 1192 861 Aristotele
1207 796 1307 881 (poet.
1320 797 1449 883 c.1111.);

311 918 347 978 ut
368 936 460 998 quem
483 916 610 978 strenue
625 913 771 977 adnisum
792 914 827 977 in
849 914 1013 999 provincia
1028 917 1175 997 suscepta
1190 918 1350 999 oporteat,
1372 916 1450 980 satis

311 1033 457 1097 habuerit
479 1032 588 1116 spatii,
617 1031 689 1115 plus
710 1032 827 1116 viginti
854 1032 988 1096 subinde
1010 1031 1126 1095 fabulis
1148 1031 1291 1116 seriptis,
1319 1033 1359 1096 ad
1381 1055 1450 1098 eve·

311 1150 449 1215 hendam
471 1171 508 1214 eo
525 1152 641 1233 artem,
665 1170 727 1232 quo
749 1149 859 1213 voluit.
896 1149 959 1212 nisi
981 1150 1108 1234 egregie
1130 1150 1244 1214 fecisse
1259 1150 1345 1214 visus
1367 1153 1451 1216 esset

311 1268 536 1352 Aristophani,
564 1288 631 1330 non
652 1266 686 1330 in
707 1266 808 1331 Ranis
835 1269 989 1347 securiter
1012 1268 1110 1348 ἔργον
1132 1268 1261 1349 ἄρκτον
1284 1269 1449 1334 diceretur.

311 1385 530 1470 Phrynichum
552 1386 760 1468 quadriennio
783 1388 856 1450 ante
883 1386 917 1449 in
938 1386 1123 1450 Phoenissis
1145 1408 1223 1449 num
1245 1387 1389 1451 conicere
1412 1410 1450 1452 ex

311 1504 453 1588 reliquiis
475 1505 570 1568 liceat
592 1504 631 1567 ab
646 1504 722 1567 artis
744 1503 926 1567 maturitate
945 1504 1062 1568 afiiisse
1084 1504 1225 1589 longius,
1249 1525 1316 1569 non
1339 1504 1451 1569 diiudi-

314 1623 459 1687 caverim.

397 1739 519 1804 Deinde
546 1756 606 1805 nec
633 1741 688 1804 illa
716 1741 794 1804 satis
822 1740 992 1804 convenire
1019 1746 1053 1805 in
1081 1763 1199 1804 annum
1221 1739 1451 1806 OOOOLXXH

311 1859 505 1943 putaverim,
536 1880 615 1942 quae
643 1859 681 1923 de
709 1859 913 1923 contentione
939 1857 1115 1942 Phrynichi
1142 1862 1175 1922 et
1201 1858 1353 1941 Aeschyli
1379 1880 1450 1922 eum

311 1979 346 2041 in
367 1977 498 2041 modum
520 1979 595 2040 sunt
617 1976 811 2061 excogitata,
833 1978 869 2039 ut
891 1976 971 2040 alter
993 1976 1216 2055 Themistoclis
1238 1977 1375 2061 gloriam
1396 1999 1450 2040 na·

311 2096 414 2159 valem
441 2095 590 2158 extulisse
618 2094 755 2177 dicatur,
784 2094 864 2157 alter
892 2093 1022 2172 deinde,
1053 2115 1094 2156 ne
1123 2094 1161 2157 de
1188 2094 1339 2158 Aristidis
1366 2095 1452 2158 fama

313 2213 544 2296 detraheretur,
578 2211 722 2277 docuisse
754 2211 839 2276 hunc
872 2211 1012 2296 pedestri
1044 2212 1247 2276 dimicatione
1279 2212 1314 2275 in
1347 2212 1452 2276 insula

311 2331 467 2414 Psyttalia
494 2352 623 2414 operam
644 2351 792 2413 navasse,
820 2329 942 2413 aliquot
963 2330 1067 2394 verbis
1089 2353 1119 2394 v.
1143 2331 1204 2395 317
1234 2351 1359 2415 pugnae
1381 2330 1451 2394 Pla-

312 2449 465 2532 taeensis,
488 2448 522 2511 in
537 2469 599 2531 qua
618 2448 708 2532 gravi
724 2450 902 2511 armaturae
916 2448 1070 2531 praefuit,
1093 2448 1304 2513 admonuisse.
1336 2470 1452 2534 augen-

312 2571 364 2631 tur
377 2566 473 2649 haec,
495 2570 531 2630 ut
549 2568 699 2650 possunt,
721 2567 864 2630 locorum
885 2567 1085 2649 quorundam
1100 2566 1251 2630 dramatis
1270 2566 1452 2631 audentiore

312 2685 573 2770 interpretatione
595 2683 768 2765 (Weielrer,
794 2684 906 2749 Rheiii.
931 2684 1018 2749 Mus.
1039 2685 1070 2749 V
1073 2707 1109 2767 p.
1129 2686 1224 2769 212);
1248 2687 1323 2748 sunt
1344 2687 1452 2748 tamen

312 2805 389 2869 satis
414 2804 512 2887 levia,
538 2825 597 2867 nec
623 2825 703 2886 quae
728 2802 979 2867 Atheniensibus
1005 2824 1042 2867 ea
1066 2804 1222 2867 tenuitate
1248 2804 1336 2867 cordi
1361 2803 1452 2867 valde

312 2943 381 2987 esse
402 2923 579 3007 potuerint,
608 2923 662 3004 qui
689 2921 857 2985 imminuta
884 2922 949 2984 iam
971 2920 1194 2985 Themistoclis
1220 2919 1452 2984 existimatione

314 3078 352 3088 -
376 3040 541 3124 expulsum
564 3060 648 3103 anno
671 3039 781 3103 eodem
803 3042 857 3102 aut
878 3039 1023 3124 proximo
1039 3041 1115 3102 sunt
1135 3039 1189 3121 qui
1211 3041 1397 3121 computent
1410 3076 1452 3087 —

311 3157 460 3223 heredem
476 3159 542 3222 eius
557 3158 700 3240 laudum,
716 3179 781 3222 non
797 3157 956 3221 aemulum
971 3157 1160 3241 Aristidem,
1183 3178 1284 3240 neque
1298 3156 1452 3240 profecto,

312 3280 348 3340 ut
373 3276 466 3341 video
499 3276 699 3340 observatum
732 3297 751 3338 a
782 3275 921 3360 Georgia
951 3275 1087 3360 Grote*)
1121 3274 1177 3337 illa
1209 3275 1311 3339 aetate
1344 3274 1451 3356 talem,

313 3395 415 3477 qualis
448 3395 614 3458 informari
647 3394 886 3478 consuevit**),
918 3396 1083 3457 noverant.
1134 3393 1162 3455 si
1192 3392 1387 3475 Aeschylum
1419 3392 1452 3455 id

312 3513 456 3577 laudasse
478 3513 513 3576 in
534 3511 669 3596 pristino
691 3512 748 3576 illo
771 3512 911 3576 Aristide
933 3513 1041 3594 putes,
1064 3511 1148 3594 quod
1170 3512 1238 3595 ipse
1260 3510 1451 3594 probaverit,

312 3632 426 3695 fecisse
449 3630 533 3713 quod
555 3651 574 3693 a
594 3632 737 3713 tempore
765 3631 821 3693 illo
844 3631 983 3694 alienum
1007 3632 1104 3713 esset,
1132 3628 1358 3693 existimandus
1381 3629 1451 3711 erit,

315 3749 400 3831 quod
421 3749 596 3812 Aristidem
625 3749 719 3813 classi
746 3748 943 3832 praefectum
972 3751 1004 3811 et
1030 3748 1150 3811 tributa
1172 3746 1266 3812 sociis
1293 3747 1451 3830 imperan-

313 3869 379 3931 tem
394 3867 483 3931 vidit.
514 3867 570 3930 sed
584 3888 644 3931 nee
665 3867 733 3950 ipse
749 3867 826 3931 adeo
841 3867 997 3950 pedestris
1012 3865 1133 3929 ordinis
1155 3864 1231 3945 fuit,
1254 3885 1290 3927 ac
1312 3866 1450 3947 putatur.

414 4172 438 4236 ι1)
462 4170 537 4224 Hist.
556 4170 590 4235 of
605 4170 703 4224 Graece
719 4173 736 4224 5
753 4174 867 4237 11274.-
892 4170 925 4223 he
946 4170 1004 4222 hed
1026 4169 1121 4223 eeased
1141 4174 1169 4221 to
1191 4168 1221 4220 be
1242 4167 1286 4220 the
1308 4167 1453 4235 cliompiori

312 4254 347 4320 of
359 4254 501 4308 Athenion
518 4253 732 4319 οἰῶ-1131111111
754 4254 858 4308 lauded
883 4254 996 4308 interest
1020 4254 1132 4323 against
1151 4252 1339 4306 lliemistoeles
1356 4268 1388 4306 as
1408 4253 1453 4305 the

313 4339 467 4407 oripiriator
488 4338 523 4404 of
542 4339 681 4392 maritime
706 4339 891 4392 tendentious.
915 4369 948 4376 —-
976 4340 1015 4403 **)
1045 4337 1166 4390 Weieleer
1183 4352 1213 4403 p.
1237 4339 1304 4389 209.-
1335 4335 1399 4389 dass
1424 4353 1453 4389 er

312 4424 466 4478 seirierseits
488 4424 561 4477 1111111
585 4422 737 4477 0111111111
759 4423 820 4476 irad
842 4422 991 4476 Bestreberi
1012 4423 1063 4475 mit
1085 4421 1224 4475 Aristides
1245 4421 1307 4474 sehr
1328 4420 1452 4474 ethereis-

312 4508 429 4561 stiramte
450 4508 510 4560 111111
532 4506 617 4577 eifriy
635 4507 695 4561 deiri
712 4507 788 4561 citeri
808 4507 869 4559 aad
886 4505 1063 4560 Solonischeri
1081 4506 1215 4574 1111111119,
1237 4505 1346 4559 welches
1365 4505 1453 4559 dieser

312 4607 396 4661 919111
414 4591 607 4645 Themistoleies
623 4592 683 4645 11111
701 4591 747 4646 die
764 4591 863 4662 Merrye
880 4590 1007 4656 aufrecht
1024 4605 1059 4643 111
1076 4590 1315 4647 circumsecare,
1335 4619 1369 4632 -
