3659 5600
862 508 903 572 23

398 696 514 778 ετένει,
537 697 687 760 κέκοπται
709 697 761 760 καὶ
783 696 968 775 χαράεεεται
990 696 1105 760 πέδον·

398 815 538 879 λεάετων
560 815 593 878 δ’
616 814 737 879 ἄκοιτιν
760 815 817 893 τὴν
840 815 918 894 ἐμὴν
940 813 1049 894 τάφου
1070 814 1170 878 πέλα(
1276 798 1279 806 ’

396 938 518 1016 ταρβῶ,
541 932 621 1013 χοάε
643 935 679 998 δέ
701 934 878 1012 πρευμενὴε
901 931 1064 1012 ἐδεξάμην.

397 1051 486 1133 θμεῑε
508 1052 544 1116 δὲ
566 1051 707 1132 θρηνεῖτ>
728 1051 824 1129 ἐγγὺε
845 1051 976 1117 ἑττῶτεε
997 1049 1106 1131 τάφου

398 1172 449 1235 καὶ
472 1172 681 1249 ψυχαγωγοῖε
703 1169 907 1250 ὀρθιάζοντες
929 1169 1019 1247 γόοι(

398 1290 532 1368 οἰκτρῶτ
554 1289 697 1355 καλεῖεθέ
719 1290 764 1368 μ’.
809 1289 872 1353 ἐετὶ
893 1289 927 1351 δ’
949 1289 1009 1353 οὐκ
1030 1287 1199 1369 εὐέξοδον,

396 1408 503 1473 ἄλλωε
525 1428 560 1472 τε
582 1407 712 1472 πάντωτ
734 1406 786 1486 χοί
808 1408 887 1471 κατὰ
909 1407 1029 1486 χθονὸε
1050 1405 1118 1470 θεοὶ
1148 1416 1149 1419 ’

396 1529 503 1608 λαβεῖν
526 1524 675 1606 ἀμείνουε
696 1525 771 1592 εἰεὶν
793 1526 812 1603 ἣ
834 1525 984 1604 μεθιέναι.

395 1644 482 1723 ὅμωε
504 1645 538 1708 δ’
559 1643 691 1709 ἐκείνοι(
713 1642 962 1709 ἐνδυναετεύτατ
984 1642 1048 1717 ἐγὼ

395 1763 470 1841 ἥκω.
508 1762 625 1842 τάχυνε
647 1763 691 1845 δ’,
715 1763 759 1827 ὼε
782 1761 945 1841 ἀμεμπτοε
968 1760 995 1826 ὠ
1017 1760 1147 1843 χρόνου.

395 1880 424 1946 τί
446 1881 480 1945 δ’
503 1881 565 1946 ἐετὶ
586 1881 723 1961 Πέρεαιε
745 1882 886 1961 νεοχμὸν
910 1880 1053 1960 ἐμβριθὲε
1075 1879 1187 1956 κακόν;

344 2014 375 2053 (τ
395 2039 400 2050 .
1040 2005 1045 2013 ’

311 2015 521 2181 Χο.ρεέβομαι
543 2102 599 2180 μὲν
622 2100 840 2181 προειδέεθαι,
864 2099 993 2180 εέβομαι
1016 2099 1050 2164 δ’
1072 2098 1163 2165 ἀντία
1186 2101 1271 2167 λέξαι
1404 2112 1454 2160 694

394 2218 483 2284 εέθεν
506 2218 628 2303 ἀρχαίῳ
651 2218 722 2298 περὶ
743 2218 860 2298 τάρβει.
1317 2308 1320 2312 ἡ
1403 2230 1452 2278 666

308 2439 373 2504 ΔΑ.
392 2437 467 2503 ἀλλ’
490 2438 560 2502 ἐπεὶ
581 2438 723 2503 κάτωθεν
746 2439 846 2518 ἦλθον
869 2442 936 2503 εοῖε
958 2438 1048 2514 γόοιε
1069 2439 1293 2521 πεπειτμένοε,

392 2558 433 2637 μή
455 2577 484 2621 τι
507 2560 677 2637 μακιετῆρα
699 2559 817 2639 μάθον,
840 2555 924 2621 ἀλλὰ
947 2556 1104 2637 (άντομον
1127 2556 1232 2632 λέγων

396 2674 464 2740 εἰπὲ
485 2677 536 2740 καὶ
557 2676 688 2755 πέραινε
710 2675 815 2740 πάντα
821 2724 830 2758 ,
852 2677 910 2754 τὴν
934 2674 1012 2754 ἐμὴν
1034 2673 1114 2739 αἰδῶ
1138 2676 1247 2756 μεθείε.

341 2793 402 2847 ἀντ.

312 2896 374 2962 XO.
394 2897 496 2975 δίεμαι
519 2899 576 2976 μὲν
599 2897 795 2979 χαρίεαεθαι,
818 2897 920 2975 δίεμαι
941 2898 975 2960 δ’
998 2896 1090 2988 ἀντία
1111 2895 1228 2975 φάεθαι

392 3015 484 3082 λέξαε
507 3013 660 3080 δότλεκτα
682 3014 829 3095 φίλοιειν.
1016 2991 1017 2994 ¹
1401 3025 1449 3073 τω

307 3183 372 3248 ΔΑ.
392 3183 469 3249 ἀλλ’
491 3184 560 3249 ἐπεὶ
581 3186 655 3249 δέοε
678 3186 817 3249 παλαιὸν
840 3185 887 3249 (οὶ
909 3188 1042 3264 φρενῶν
1064 3184 1258 3267 ἀνθίεταται,

392 3307 457 3367 τῶν
480 3303 565 3382 ἐμῶν
588 3303 730 3383 λέκτρων
751 3304 863 3382 γεραιὰ
885 3303 1030 3385 ξύννομ’,
1052 3303 1181 3378 εὐγενὲς
1202 3303 1312 3384 γύναι,

391 3420 580 3498 κλαυμάτων
602 3422 720 3498 λήξαεα
740 3426 843 3486 τῶνδε
865 3422 917 3485 καὶ
938 3422 1026 3497 γόων
1050 3422 1148 3501 εαφέε
1169 3422 1199 3486 τί
1221 3442 1273 3500 μοι
1400 3433 1449 3481 τω

390 3538 491 3605 λέξον.
526 3537 709 3617 ἀνθρώπεια
732 3538 765 3603 δ’
787 3537 827 3605 ἀν
849 3560 898 3603 τοι
920 3540 1041 3619 πήματ>
1062 3539 1102 3604 ἂν
1124 3539 1216 3619 τύχοι
1238 3544 1375 3620 βροτοῖε.

390 3655 496 3720 πολλὰ
517 3658 575 3736 μὲν
597 3658 659 3736 γὰρ
682 3656 716 3721 ἐκ
737 3658 908 3741 θαλάεεηε,
931 3660 1039 3724 πολλὰ
1061 3659 1095 3723 δ)
1117 3659 1151 3723 ἐκ
1174 3657 1289 3738 χέρτου
1312 3659 1391 3722 κακὰ

388 3774 528 3849 γίγνεται
550 3778 679 3860 θνητοί(
686 3824 695 3858 ,
719 3774 737 3838 ὁ
760 3775 884 3853 μάττων
908 3776 1013 3857 βίοτοε
1035 3777 1074 3854 ἢν
1097 3781 1175 3862 ταθῇ
1197 3776 1318 3856 πρόεω.

303 3891 362 3956 ΑΤ.
389 3891 415 3955 ῶ
438 3897 563 3972 βροτῶν
585 3893 717 3960 πάντων
740 3894 908 3973 ὑπερεχῶν
931 3893 1032 3975 ὄλβον
1054 3895 1179 3974 εὐτυχεῖ
1198 3895 1328 3979 πότμῳ,

390 4009 435 4075 ῶτ
456 4010 519 4076 έωε
539 4012 572 4075 τ’
594 4011 737 4077 ἔλευεεεε
759 4011 860 4086 αὐγὰς
881 4011 990 4095 ἡλίου,
1013 4014 1155 4090 ζηλωτόε
1177 4012 1224 4078 ῶν
1397 4024 1446 4071 τιο

390 4127 498 4207 βίοτον
520 4129 660 4194 εὐαίωνα
682 4130 818 4209 Πέρεαιε
841 4129 886 4195 ῶτ
908 4130 982 4194 θεὸε
1004 4131 1166 4212 διήγαγεε,

389 4249 448 4310 νῦν
470 4244 504 4309 τέ
527 4266 560 4310 (ε
582 4250 667 4323 ζηλῶ
690 4248 846 4324 θανόντα,
868 4249 943 4325 πρὶν
966 4252 1070 4312 κακῶν
1093 4246 1172 4313 ἰδεῖν
1195 4248 1300 4327 βάθοε.

388 4363 591 4447 πάνταγὰρ,
614 4365 732 4443 Δαρεῖ’
755 4365 873 4449 άκοάεῃ
896 4369 997 4445 μῦθον
1020 4366 1055 4431 έν
1078 4367 1186 4444 βραχεῖ
1207 4364 1331 4448 χρόνῳ·

387 4481 636 4562 διαπεπόρθηται
657 4484 697 4548 τὰ
718 4483 853 4563 Περεῶν
874 4483 1050 4566 πράγμαθ’,
1074 4485 1119 4548 ῶε
1140 4483 1241 4549 εἰπεῖν
1264 4483 1351 4549 έποε.

303 4600 369 4665 ΔΑ.
388 4598 448 4667 τίνι
470 4601 597 4685 τρόπῳ;
620 4603 734 4682 λοιμοῦ
756 4623 803 4666 τιε
825 4603 901 4681 ἦλθε
926 4603 1075 4685 τκηπτόε,
1098 4603 1117 4680 ἢ
1140 4602 1242 4668 ετάειτ
1264 4602 1370 4678 πόλει;
1394 4616 1442 4665 ‘116
