3659 5600
960 453 982 518 4

486 646 593 724 ψυχῆς
615 642 787 724 ἐντλήμονι
808 642 898 727 δόξῃ·

486 760 696 841 Ἀρτεμβάρης
717 760 751 825 θ’
771 759 988 840 ἱππιοχάρμης

485 879 536 943 καὶ
558 878 750 963 Μαςίςτρης,

486 997 505 1062 ό
528 1017 562 1062 τε
584 997 764 1076 τοξοδάμας
786 997 896 1062 ἐςθλὸς
919 996 1048 1079 Ἰμαῖος,

485 1115 696 1195 Φαρανδάκης
718 1115 768 1194 θ’,

483 1233 593 1300 ἵππων
615 1235 648 1297 τ’
671 1237 786 1314 ἐλατὴρ
809 1234 985 1313 (ωςθάνηε.

485 1351 606 1417 ἄλλους
627 1354 661 1416 δ’
683 1352 702 1418 ό
726 1354 824 1432 μέγας
846 1354 898 1417 καὶ
920 1350 1155 1432 πολυθρέμμων

487 1470 602 1536 Νεῖλος
624 1470 786 1552 ἔπεμψεν·
810 1470 1034 1554 (ουςιςκάνης,

484 1588 705 1668 Πηγαςταγῶν
727 1588 978 1672 Αίγυπτογενὴς,

372 1742 375 1748 -
484 1705 503 1770 ό
526 1726 561 1772 τε
583 1710 639 1786 τῆς
659 1706 746 1788 ἱερᾶς
769 1708 940 1790 Μέμφιδος
962 1708 1073 1788 ἄρχων

484 1826 582 1905 μέγας
603 1825 771 1908 Ἀρςόιμης,
794 1826 851 1892 τάς
873 1826 905 1891 τ’
928 1825 1088 1903 ὠγυγίους

486 1943 593 2024 Θήβας
615 1943 748 2026 ἐφέπων
770 1944 995 2027 Ἀριόμαρδος,

486 2062 539 2127 καὶ
559 2061 736 2143 ἑλειοβάται
758 2067 848 2129 ναῶν
870 2063 975 2143 ἐρέται

484 2179 585 2246 δεινοὶ
605 2180 727 2259 πλῆθός
748 2181 782 2243 τ>
803 2180 979 2261 ἀνάριθμοι.

486 2296 697 2378 ἁβροδιαίτων
719 2298 753 2362 δ’
775 2298 884 2364 ἕπεται
905 2301 1021 2365 Λυδῶν

487 2414 601 2497 ὄχλος,
626 2416 658 2481 οἵ
679 2416 711 2482 τ’
733 2417 850 2483 ἐπίπαν
872 2416 1077 2497 ἠπειροτενέε
1174 2478 1175 2481 ,

484 2535 651 2615 κατέχουςι
672 2536 785 2619 νέμος,
806 2536 882 2602 τοὺς
905 2534 1108 2614 Μιτρογάθης

485 2652 647 2733 ’Amase’
668 2654 700 2717 τ’
722 2653 858 2736 ἀγαθὸς,
883 2655 1010 2733 βαςιλῆς
1032 2654 1156 2734 δίοποι,

485 2773 537 2838 καὶ
557 2771 753 2852 πολύχρυςοι
776 2770 906 2852 (άρδεις
928 2771 1069 2852 ἐπόχους

484 2894 621 2957 πολλοῖς
642 2889 774 2970 ἅρμαςιν
797 2890 986 2975 ἐξορμῶςιν,

487 3008 622 3090 δίρρυμά
643 3029 678 3074 τε
700 3010 750 3074 καὶ
771 3010 925 3090 τρίρρυμα
946 3010 1037 3091 τέλη,

486 3128 632 3210 φοβερὰν
654 3126 733 3207 όψιν
756 3129 965 3207 προςιδέςθαι.

486 3249 628 3312 ςτεῦνται
651 3246 685 3311 δ’
706 3246 795 3326 ἱεροῦ
818 3246 955 3327 Τμώλου
977 3244 1110 3310 πελάται
1194 3301 1196 3306 .

484 3364 581 3441 ζυγὸν
603 3363 794 3445 ἀμφιβαλεῖν
817 3364 951 3429 δούλιον
973 3362 1114 3446 Ἑλλάδι,

485 3482 645 3564 Μάρδων,
668 3480 823 3562 Θάρυβις,
844 3482 964 3560 λόγχης
986 3480 1122 3561 ἄκμονες
1128 3530 1138 3563 ,

484 3599 536 3663 καὶ
557 3597 736 3665 άκοντιςταλ
758 3598 868 3664 Μυςοί.
914 3601 1068 3681 Βαβυλὼν
1091 3599 1125 3662 δ’

484 3717 505 3795 ἡ
527 3715 730 3796 πολύχρυςος
752 3716 929 3797 πάμμικτον
952 3714 1054 3796 όχλον

484 3834 599 3914 πέμπει
621 3835 753 3918 ςύρδην,
775 3840 865 3901 ναῶν
887 3835 920 3899 τ’
942 3833 1081 3914 ἐπόχους

486 3952 537 4016 καί
558 3957 723 4037 τοξουλκῷ
746 3954 858 4032 λήματι
880 3952 1020 4019 πιςτοάς.

484 4070 521 4136 τό
544 4071 791 4162 μαχαιροφόρον
812 4071 847 4134 τ’
868 4070 964 4137 ἔθνος
986 4069 1021 4135 ἐκ
1041 4068 1142 4147 πάςης

482 4188 584 4254 Ἀςίας
606 4188 715 4254 ἕπεται
994 4256 996 4262 ,

484 4308 601 4371 δειναῖς
625 4305 775 4388 βαςιλέως
797 4303 862 4369 ὑπὸ
883 4305 1036 4385 πομπαῖς.

483 4423 610 4488 τοιόνδ’
631 4423 731 4490 άνθος
752 4422 907 4503 Περςίδος
930 4419 1002 4485 αἴας

483 4539 603 4620 οἴχεται
624 4543 771 4621 ἀνδρῶν,
