3659 5600
848 525 889 590 59

295 718 390 778 videri
403 718 495 777 fuisse
510 714 665 793 (τματιὰε.
699 738 729 777 v.
745 718 806 777 859
821 735 882 776 non
896 712 1014 792 νόμιμα
1027 712 1076 789 τὰ,
1091 717 1143 776 aad
1158 710 1332 796 septinnio
1346 716 1436 777 Laur.

295 820 384 879 habet
403 819 467 878 sine
487 820 549 878 ulla
570 819 763 892 correctione,
784 821 815 878 et
828 819 890 878 864
905 838 923 876 a
937 819 1035 893 prima
1048 837 1151 890 menn,
1173 818 1254 893 quod
1275 820 1347 878 setis
1361 819 1436 879 bene

296 924 429 996 apparet,
445 919 593 997 ποταμοῦ
609 915 682 981 οὐδ’
703 915 714 999 ΙΙ
730 913 805 995 ἀφ“,
820 919 931 979 litteris
947 920 1006 980 ουδ
1021 920 1122 992 erasis,
1138 920 1245 995 spiritu
1259 923 1289 979 et
1305 923 1436 995 apostro-

295 1025 355 1098 pho
375 1023 488 1083 relictis
509 1025 539 1081 et
559 1018 591 1083 δ’
612 1021 727 1080 adiecto
742 1022 775 1080 in
792 1022 926 1098 margine
941 1040 1043 1081 versus
1057 1021 1196 1097 proximi.
1225 1021 1347 1096 reliqua,
1364 1040 1437 1096 quae

295 1144 401 1184 manns
416 1123 544 1183 secunda
559 1124 738 1196 attrectavit,
749 1126 867 1199 praeter
882 1124 1002 1198 quidem
1017 1124 1170 1183 accentum
1185 1122 1320 1181 additum
1333 1123 1366 1180 in
1379 1116 1438 1195 ἣδε

295 1244 379 1286 eraso
398 1225 485 1301 gravi
503 1225 536 1283 in
556 1221 593 1285 δὲ
607 1244 636 1285 v.
653 1226 714 1284 846
737 1227 768 1284 ct
787 1225 971 1299 adscriptum
991 1242 1010 1300 η
1025 1242 1150 1300 suprad
1164 1224 1197 1283 in
1211 1220 1306 1285 ἕλλαε
1320 1244 1349 1284 v.
1366 1225 1437 1296 874,

295 1330 326 1388 et
338 1330 455 1403 praeter
469 1327 739 1402 interpunctionem
753 1326 892 1398 additam,
906 1345 981 1401 quae
991 1329 1038 1385 ter
1051 1328 1104 1384 aut
1114 1329 1217 1401 quater
1233 1326 1304 1384 olim
1318 1328 1437 1385 tantum

295 1429 411 1502 aderat,
432 1427 541 1487 mendc
560 1429 645 1500 sunt,
665 1427 778 1487 leviora
797 1428 865 1503 plus
884 1428 1009 1503 viginti,
1030 1428 1169 1503 graviora
1188 1446 1282 1503 prope
1302 1417 1436 1504 triginta,

295 1549 422 1607 quornm
437 1531 579 1591 correctio
593 1549 611 1588 a
624 1529 709 1589 libris
724 1528 937 1590 recentioribus
952 1546 1013 1587 non
1026 1528 1146 1587 recedit.
1167 1529 1252 1587 illata
1262 1529 1376 1588 scilicet
1390 1529 1436 1588 est

295 1631 425 1692 recensio
452 1632 562 1690 saeculi
587 1630 659 1702 XII,
685 1651 759 1706 quae
784 1631 965 1690 scholiorum
994 1632 1078 1706 parte
1103 1629 1231 1705 quadam
1258 1629 1435 1689 illustratur.

296 1731 441 1808 (τματιᾶε
456 1752 485 1793 v.
502 1733 562 1791 857
581 1733 617 1791 ab
633 1732 845 1808 interpolatore
860 1732 913 1791 ille
928 1731 1132 1791 introductum
1147 1734 1204 1803 est,
1224 1731 1294 1807 quia
1313 1725 1436 1792 εὐδοκί-

295 1850 357 1910 μου
380 1837 442 1893 eret
464 1835 496 1892 in
521 1834 658 1910 paradosi
677 1835 853 1893 uetustiore:
883 1834 915 1892 id
939 1833 1099 1910 byzantino
1123 1832 1249 1893 artificio
1273 1831 1438 1907 explicatur

297 1936 432 2012 suppleto
448 1930 510 2014 διά,
525 1936 572 1995 uti
587 1936 722 2012 suppleto
737 1930 817 1996 κατά
831 1931 997 2011 νομίματα,
1013 1935 1070 1992 nisi
1084 1934 1160 1992 forte
1175 1934 1285 1994 scholia
1299 1934 1320 1993 l.
1338 1935 1376 1992 13
1392 1937 1437 1993 est

297 2039 336 2096 14
352 2040 526 2113 argumento
542 2040 621 2111 sunt,
641 2037 749 2113 legisse
768 2037 828 2095 iam
847 2039 913 2096 tum
926 2037 1085 2109 hominem,
1100 2037 1179 2110 quod
1193 2036 1302 2096 inferre
1317 2035 1436 2106 oblitus,

295 2136 412 2214 νόμιμα
426 2136 467 2199 τὰ
482 2135 629 2213 πύργινα,
645 2142 680 2197 ut
694 2141 727 2198 in
741 2140 826 2198 libris
842 2139 958 2198 duobus
974 2156 1047 2198 saec.
1060 2137 1134 2196 XIII
1149 2141 1179 2197 et
1192 2137 1282 2197 XIIII
1296 2141 1350 2197 est.
1379 2154 1437 2196 vox

294 2234 445 2316 ὁρμῶμεν
460 2240 481 2298 l.
497 2242 515 2299 9
532 2244 665 2315 spectare
680 2242 798 2301 videtur
812 2241 850 2300 ad
865 2241 1076 2300 correctionem
1090 2261 1119 2299 v.
1135 2242 1198 2300 860
1219 2239 1362 2299 secundae
1376 2258 1436 2297 ma·

294 2361 350 2401 nus
372 2336 545 2421 ἐπέθυνον;
567 2342 698 2403 scholion
717 2344 738 2401 l.
756 2346 794 2403 17
818 2345 954 2415 excusat,
975 2342 1054 2418 quod
1075 2362 1104 2403 v.
1126 2343 1188 2402 864
1214 2344 1356 2402 novatum
1380 2342 1434 2401 est.

294 2444 425 2502 ettamen
446 2443 550 2502 scholii
568 2443 589 2501 l.
614 2445 653 2502 14
673 2464 731 2503 vox
756 2439 985 2505 ἐπολιτεύοντο
1010 2445 1224 2519 interpretatur
1243 2443 1436 2503 vetustiorem

295 2545 472 2619 scripturam
492 2540 686 2619 ἐπεύθυνον,
714 2564 828 2604 erasam
848 2545 1040 2620 pertinaciter
1059 2548 1091 2603 in
1111 2544 1217 2619 Laur,
1238 2547 1385 2604 servatam
1403 2545 1436 2604 in

293 2647 379 2705 libris
399 2647 472 2705 meis
492 2645 703 2706 vetustioribus
723 2646 869 2707 omnibus.
903 2646 999 2705 eidem
1018 2647 1083 2705 tota
1102 2647 1211 2724 pagiua
1225 2646 1319 2705 multe
1332 2664 1435 2720 suppe-

317 2748 400 2820 tant,
417 2747 524 2824 quibus
540 2747 652 2808 deletae
665 2748 698 2807 in
710 2747 800 2806 Laur.
821 2747 915 2807 bonae
930 2749 1094 2824 scripturae
1111 2749 1368 2825 redintegrantur,
1383 2749 1436 2806 eut

295 2851 461 2922 manifesta,
477 2868 552 2924 quae
566 2852 689 2921 restant,
704 2849 780 2909 vitia
793 2849 1003 2925 emcndantur;
1019 2850 1164 2926 quaedam
1178 2851 1268 2910 etiam
1282 2849 1370 2908 utilia
1384 2867 1436 2907 no·

294 2953 365 3012 vicii
390 2971 408 3010 a
432 2951 566 3010 Triclinii
590 2951 720 3011 inventis
745 2970 807 3010 non
829 2951 919 3010 alieni
944 2952 1096 3027 praebent.
1145 2972 1174 3010 v.
1196 2953 1257 3011 836
1284 2950 1435 3025 ραγοῦειν

293 3052 403 3113 rectius
424 3054 470 3112 est
490 3052 523 3110 in
538 3051 687 3127 omnibus3
711 3053 772 3113 845
789 3049 881 3130 ἐτέρχ
896 3053 928 3111 in
943 3052 1057 3111 duobus
1072 3052 1211 3127 noviciis3
1227 3053 1289 3112 854
1299 3050 1436 3128 γηραιὸς

293 3155 326 3212 in
340 3153 437 3212 tribus
453 3173 528 3212 saec.
537 3152 627 3211 XIIII
641 3156 671 3212 et
685 3172 744 3214 uno
759 3155 892 3229 novi0103
909 3154 970 3213 855
985 3152 1167 3229 πανταρκὴ(
1181 3154 1212 3211 in
1228 3154 1344 3213 dnobus
1360 3174 1434 3214 saec.

294 3254 377 3327 XIII,
393 3255 425 3312 in
441 3254 534 3313 altero
549 3249 673 3329 τάρκὴε,
689 3259 793 3314 etune
808 3255 940 3329 novicio,
962 3249 1080 3315 ἀκάκαε
1094 3256 1127 3313 in
1141 3273 1201 3314 uno
1216 3254 1350 3331 norici03
1373 3256 1434 3315 856

294 3350 371 3430 ἆρχε
393 3355 425 3414 in
445 3355 542 3413 tribus
562 3374 636 3414 saec.
657 3355 731 3413 XIII
750 3359 781 3415 et
799 3355 903 3429 XIIII,
930 3374 990 3414 uno
1015 3356 1148 3432 novicio,
1175 3358 1236 3415 857
1264 3353 1434 3431 εὐδοκίμου

294 3452 439 3531 ετρατιὰε
464 3457 496 3514 in
517 3457 656 3515 lemmate
676 3457 740 3515 eod.
755 3456 893 3516 Vaticani
911 3460 942 3515 et
955 3475 1014 3516 uno
1028 3458 1160 3533 novici03
1182 3454 1433 3534 ἀπεφαινόμεθ’,

295 3558 374 3633 quod
396 3557 530 3618 scholion
549 3558 570 3615 1.
589 3558 627 3616 12
642 3557 762 3617 novisse
775 3557 901 3629 videtur,
918 3558 1043 3617 alterum
1056 3558 1195 3618 Vaticani
1209 3560 1306 3632 habet,
1327 3559 1359 3617 in
1373 3579 1433 3619 uno

294 3659 394 3719 codice
414 3677 488 3718 saec.
503 3655 577 3717 XIII
591 3661 622 3717 et
635 3660 729 3718 altero
744 3660 875 3732 novicio,
895 3653 1068 3734 νομίεματὰ
1089 3660 1121 3717 in
1136 3660 1239 3719 eodem
1254 3679 1329 3719 saec.
1344 3661 1431 3734 XIII3

294 3763 355 3820 862
371 3755 453 3833 ἆγον
467 3762 529 3819 tres
545 3779 583 3819 ss.
598 3759 671 3818 XIII
686 3762 717 3819 et
731 3759 835 3834 XIIII,
856 3760 933 3833 864,
950 3761 1011 3819 866
1033 3755 1132 3822 dioec
1146 3762 1293 3836 ποταμοῦ
1316 3757 1327 3841 ΙΙ
1351 3758 1427 3823 οὐδ’

294 3858 355 3938 ἀφ’
380 3862 413 3919 in
434 3863 560 3936 utroque
580 3861 700 3920 Mediol.
726 3864 758 3920 et
778 3861 892 3921 duobus
912 3862 1053 3937 noviciis3
1082 3861 1190 3937 reliqui
1208 3866 1243 3922 ut
1264 3862 1353 3921 Lacr.
1374 3882 1432 3921 ma.

294 3981 366 4036 sec,
389 3958 488 4023 ευθεὶε
507 3962 540 4020 in
561 3962 675 4021 duobus
697 3982 720 4022 s.
735 3962 822 4035 XIII,
844 3980 904 4021 uno
919 3960 952 4021 ls.
967 3962 1069 4035 XIIII,
1091 3963 1216 4023 noviciis
1236 3964 1348 4038 tribue,
1371 3966 1434 4023 870

244 4081 247 4087 ·
293 4057 442 4136 θρηϊκίων
456 4064 488 4120 in
503 4063 617 4123 duobus
633 4083 672 4122 ss.
687 4063 761 4123 XIII
775 4066 806 4124 et
820 4063 918 4137 XIIII,
940 4082 998 4123 uno
1012 4065 1144 4139 novicio,
1167 4066 1228 4123 872
1244 4060 1433 4139 ἐληλαμέναι

293 4164 326 4222 in
339 4182 400 4222 uno
416 4183 439 4223 s.
454 4164 528 4223 XIII
542 4168 572 4224 et
587 4164 703 4224 duobus
722 4165 926 4239 Triclinianis3
948 4165 1010 4225 874
1026 4161 1120 4225 ἕλλα(
1135 4163 1167 4225 τ’
1186 4167 1218 4224 in
1233 4184 1291 4225 uno
1306 4167 1432 4225 novicio.

377 4265 605 4325 Emendationes
626 4268 771 4342 temptavi
790 4267 872 4325 duas.
901 4286 931 4326 v.
947 4267 1010 4326 850
1029 4267 1205 4326 vocabulum
1219 4266 1297 4342 apud
1311 4267 1433 4341 Apollo·

293 4367 377 4425 nium
396 4364 545 4425 Rhodium
565 4385 627 4427 non
646 4368 832 4444 infrequens,
854 4369 994 4444 ignotum
1013 4366 1150 4441 librario,
1173 4387 1234 4426 non
1255 4368 1325 4427 data
1345 4387 1433 4444 opere

292 4467 511 4543 interpolatum,
528 4469 579 4528 sed
593 4488 747 4545 perperam
766 4467 878 4528 lectum
898 4469 989 4528 fuisse
1003 4470 1116 4545 putari.
1144 4465 1310 4543 ὑπαντιᾶν,
1332 4489 1432 4546 quam·

293 4569 339 4629 vis
353 4588 424 4630 usus
438 4570 574 4643 recentis,
590 4589 643 4631 cur
656 4570 805 4647 Aeschylo
819 4569 976 4647 indignum
990 4560 1083 4644 esset,
1092 4589 1153 4631 non
1167 4571 1318 4647 videbam3
1335 4571 1433 4632 solent
