3659 5600
845 519 1073 564 —xvl—

474 669 535 734 Sed
565 671 728 736 remissior
761 671 816 733 illa
847 674 879 733 et
912 669 1049 733 sedatior
1077 690 1156 751 quae
1184 671 1232 732 est
1259 669 1352 731 huius
1381 668 1531 733 dramatis

387 787 528 872 indoles,
552 788 625 852 inde
641 789 738 853 etiam
760 787 902 871 quaesita
916 785 1055 868 videtur,
1078 786 1163 869 quod
1176 786 1344 850 Persarum
1365 786 1532 852 hominum

388 927 467 988 quos
482 906 517 969 in
533 927 660 970 scenam
682 910 778 990 poeta
798 905 965 988 produxit,
988 908 1114 987 praeter
1134 905 1240 986 ipsum
1254 903 1393 968 Xerxem
1407 905 1531 989 priscus

389 1022 468 1086 adeo
485 1026 518 1087 et
538 1023 738 1109 grandaevus
754 1045 790 1088 ac
812 1023 944 1106 propior
957 1043 1084 1107 pugnae
1099 1020 1320 1085 Marathoniae
1336 1024 1532 1105 temporibus

388 1163 466 1226 grex
492 1145 554 1225 est,
583 1143 671 1206 cuius
701 1141 831 1225 aetatis,
860 1144 896 1204 ut
917 1139 1063 1221 Platoni,
1092 1139 1349 1225 magnificentior
1376 1141 1531 1223 quaedam

388 1259 566 1324 recordatio
589 1259 673 1343 apud
700 1262 830 1343 poetam
856 1256 1166 1322 resedisse-videtur.
1210 1256 1244 1320 id
1272 1259 1453 1340 quomodo
1476 1264 1532 1324 aut

389 1399 451 1460 quo
484 1378 552 1441 iure
583 1378 706 1442 factum
735 1377 792 1459 sit,
825 1375 908 1440 nihil
940 1376 1065 1440 attinet.
1118 1396 1174 1438 cur
1205 1374 1407 1457 profiteretur
1435 1380 1531 1461 atque

388 1494 531 1559 fabulam
553 1514 625 1560 eum
653 1496 687 1560 in
708 1494 838 1559 modum
865 1493 1096 1572 conformaret,
1127 1513 1222 1555 causa
1249 1514 1314 1556 una
1336 1514 1404 1557 esse
1425 1495 1532 1578 potuit

388 1612 423 1674 in
455 1612 580 1696 legibus
613 1634 692 1695 quas
725 1613 793 1696 ipse
825 1609 1009 1695 tragoediae
1036 1609 1185 1674 severiori
1213 1611 1354 1694 scripsit:
1397 1612 1531 1676 alteram

388 1730 567 1814 putaverim
594 1730 692 1795 fuisse
721 1731 755 1794 in
782 1729 853 1814 lege
878 1728 1011 1812 antiqua
1032 1727 1196 1812 trilogiae‚
1226 1749 1289 1810 qua
1316 1729 1378 1793 hoc
1405 1751 1530 1814 quoque
1625 1827 1627 1830 Ι
1663 1775 1666 1780 -
1697 1739 1699 1743 '

389 1848 499 1912 drama
521 1846 825 1912 accommodandum
840 1851 909 1911 erat
931 1847 970 1910 ad
987 1845 1135 1910 Oeneidis
1150 1846 1252 1909 tribus
1273 1846 1431 1910 instituta.
1464 1869 1531 1911 non

390 1987 518 2051 pugnae
541 1965 733 2030 Salaminiae
756 1966 791 2031 in
812 1988 850 2029 ea
871 1964 958 2029 tribu
980 1967 1165 2028 consecrata
1187 1967 1256 2028 erat
1278 1965 1447 2047 memoria,
1475 1965 1530 2029 sed

303 2108 307 2115 ·
389 2082 630 2166 Marathoniae‚
655 2083 798 2148 dedicato
821 2105 840 2146 a
861 2082 1006 2146 Miltiade
1027 2082 1103 2145 fano
1125 2081 1247 2146 Dianae
1270 2083 1427 2148 Εὐκλείας.
1465 2105 1531 2147 non

389 2202 583 2266 admissurus
610 2201 709 2266 fuisse
738 2201 861 2265 videtur
888 2200 1008 2264 archon
1039 2200 1197 2283 fabulam,
1230 2221 1293 2282 qua
1326 2199 1531 2284 derogaretur

389 2319 501 2384 honori
516 2319 719 2384 Aristobulae
734 2319 999 2400 Themistoclem,
1022 2318 1122 2381 trihus
1145 2318 1214 2381 sine
1236 2318 1331 2383 dubio
1352 2317 1528 2401 Leontidis,

388 2438 576 2521 praesertim
609 2438 637 2501 si
668 2438 831 2521 utriusque
861 2437 1018 2501 cultorum
1049 2439 1179 2520 putetur
1212 2436 1343 2500 certatio
1376 2437 1530 2519 quaedam

388 2555 487 2619 fuisse
511 2555 718 2641 (Mommsen,
742 2555 873 2619 heortol.
888 2578 920 2639 p.
936 2554 1024 2639 410),
1047 2554 1109 2620 nisi
1125 2555 1211 2619 visae
1233 2554 1404 2619 manifesto
1424 2557 1531 2618 essent

388 2694 543 2757 personae
564 2673 716 2757 Aeschyli
742 2673 882 2757 potiores
904 2695 1014 2737 omnes
1037 2673 1205 2737 collineare
1232 2672 1273 2736 ad
1300 2694 1353 2755 ea,
1383 2694 1464 2756 quae
1491 2671 1530 2736 de

363 2874 376 2892 Ο
389 2790 451 2856 hoc
473 2814 590 2878 genere
612 2815 671 2856 usu
693 2794 788 2875 capta
810 2795 916 2856 essent
937 2792 972 2856 in
994 2791 1079 2855 tribu
1101 2789 1249 2856 Oeneide.

475 3018 537 3076 Ser.
560 3018 589 3074 V
610 3018 658 3076 Kl'
681 3018 744 3076 Ian.
767 3016 1058 3077 MDOCOLXVHII.
