3659 5600
858 518 1062 564 —V1-

387 676 419 738 et
451 672 595 757 profanis
625 671 763 735 ubertim
797 692 834 736 aa
866 670 966 736 libere
1000 672 1206 754 prodoceret,
1242 671 1415 756 habuitque
1448 672 1527 736 illud

386 793 512 875 tempus
543 788 766 854 conversiones
795 792 828 853 et
858 789 1093 854 vicissitudines
1125 793 1204 873 quot
1236 792 1268 854 et
1300 793 1434 873 quantas
1461 812 1528 854 non

387 909 487 973 multa
502 908 579 991 alia,
601 929 681 991 quae
694 906 847 972 historica
867 907 1018 992 indagine
1034 910 1066 971 et
1086 908 1152 971 sint
1172 908 1377 993 dignissimae
1397 911 1528 993 propter

387 1027 576 1112 gravitatem
598 1030 631 1092 et
652 1029 766 1111 egeant
787 1026 924 1090 maxime
949 1027 1080 1109 propter
1101 1027 1263 1090 annalium
1286 1026 1353 1090 eius
1375 1027 1443 1090 aevi
1466 1027 1528 1091 exi-

387 1146 511 1210 litatem
533 1147 564 1209 et
590 1145 721 1209 testium
747 1145 928 1229 penuriam,
957 1145 985 1207 si
1013 1143 1132 1208 idcirco
1159 1145 1195 1208 in
1215 1145 1405 1228 unaquaviS,
1433 1166 1529 1227 quam

388 1264 543 1328 traditam
564 1262 733 1346 habemus,
762 1261 915 1345 Aeschyli
941 1262 1113 1326 didascalia
1139 1266 1251 1346 parata
1272 1265 1322 1326 est
1349 1264 1524 1346 quaestiun-

389 1383 461 1447 cula
488 1382 593 1465 aliqua
613 1379 781 1463 historica,
809 1401 880 1444 reor
906 1380 1060 1465 intelligi,
1091 1401 1154 1462 quo
1182 1381 1250 1445 iure
1278 1380 1413 1445 dixerim
1433 1383 1530 1445 inter-

387 1499 598 1584 pretationem
620 1498 771 1562 dramatis
794 1521 833 1563 ex
855 1499 932 1562 anni
959 1498 1008 1562 sui
1029 1498 1123 1562 rebus
1150 1499 1249 1583 gestis
1276 1498 1345 1583 pari
1374 1520 1442 1563 esse
1464 1521 1530 1563 mo-

389 1620 497 1682 mento
520 1620 614 1701 atque
637 1617 769 1681 alteram
790 1616 879 1680 illam
902 1617 940 1680 de
966 1637 1075 1699 pugna
1097 1614 1270 1681 Salaminia
1296 1616 1530 1683 exordiendam.

390 1758 466 1800 nam
488 1738 614 1820 gestum
636 1757 674 1799 eo
697 1756 780 1798 anno
804 1734 931 1819 insigne
946 1734 1064 1817 aliquid
1087 1756 1155 1799 esse
1177 1735 1212 1798 in
1233 1734 1424 1819 republica,
1447 1736 1532 1819 quod

388 1857 517 1939 poetam
549 1854 739 1936 adverteret,
773 1874 845 1917 cum
876 1853 1029 1916 inusitata
1060 1853 1211 1916 dramatis
1243 1854 1366 1918 indoles
1400 1877 1532 1940 arguere

389 1973 547 2055 videatur,
576 1971 609 2035 id
637 1972 712 2055 quid
740 1972 772 2034 et
799 1970 996 2035 cuiusmodi
1023 1970 1134 2053 fuerit,
1164 1971 1395 2037 aestimandum
1418 1976 1467 2037 est
1493 1996 1533 2037 ex

391 2113 498 2156 earum
519 2112 625 2155 rerum
647 2111 770 2154 summa
792 2091 823 2152 et
844 2089 1011 2171 varietate,
1034 2110 1111 2172 quas
1134 2090 1214 2154 dixi:
1251 2091 1405 2155 memoria
1426 2094 1532 2155 autem

390 2208 461 2292 illa,
485 2230 565 2292 quae
587 2208 777 2290 celebratur,
800 2208 849 2270 est
871 2228 951 2289 quae
966 2227 1050 2270 anno
1074 2208 1209 2291 septimo
1225 2210 1258 2272 et
1279 2208 1409 2273 dimidio
1426 2231 1532 2293 super-

391 2326 467 2411 fuit3
497 2348 547 2390 ars
570 2325 712 2390 adhibita
733 2347 785 2408 ea,
814 2346 893 2408 quae
923 2325 962 2388 ad
990 2325 1157 2390 subactum
1184 2327 1300 2391 civium
1327 2328 1479 2392 iudicium
1502 2329 1534 2391 et

390 2445 539 2529 trilogiae
562 2465 749 2528 compagem
772 2443 971 2528 conveniret3
994 2443 1146 2527 quidquid
1168 2445 1236 2529 ipse
1253 2449 1349 2529 poeta
1371 2446 1533 2530 professus

392 2565 442 2627 est
463 2565 518 2626 aut
539 2561 678 2646 intelligi
699 2561 814 2644 voluit,
842 2582 909 2624 non
931 2561 1032 2625 sensit
1052 2562 1199 2647 fortassis
1222 2586 1294 2629 curn
1317 2586 1405 2628 arma
1426 2564 1533 2647 ferret,

392 2683 427 2745 at
448 2702 486 2745 eo
508 2683 667 2764 tempore,
690 2700 752 2761 quo
773 2678 937 2763 trilogiam
960 2680 1173 2745 concinnavit.

475 2797 513 2863 Id
544 2797 644 2883 igitur
670 2800 796 2883 tempus
824 2797 998 2862 indicatum
1030 2798 1184 2865 habemus
1214 2800 1297 2884 apud
1329 2800 1535 2865 scholiastam

394 2917 512 2982 codicis
527 2916 734 2980 Laurentiani
748 2916 807 2980 ita:
830 2917 882 2982 ἐπὶ
896 2919 1043 2997 μένωνο(
1058 2923 1235 3000 τραγωδῶν
1256 2918 1412 2998 αἰεχύλοε.
1439 2920 1535 2986 ἐνίκα·

393 3040 489 3118 φινεῑ·
512 3036 649 3115 πέρεαιε·
671 3036 807 3112 γλάυκω.
830 3038 879 3098 est
893 3036 921 3099 is
937 3058 1038 3101 annus
1054 3036 1095 3101 ol.
1107 3036 1243 3101 LXXVI
1259 3041 1401 3121 quartus,
1417 3060 1445 3102 a.
1458 3036 1534 3103 Chr.

394 3151 624 3218 COOCLXXII
655 3153 774 3218 mensis
802 3152 946 3217 Martius
996 3176 1063 3218 non
1090 3158 1140 3218 est
1170 3155 1336 3238 probabile
1363 3178 1401 3219 ea
1434 3158 1536 3221 aetate

393 3271 536 3356 tragicae
557 3270 633 3334 artis
656 3271 904 3355 incompositum
927 3272 1065 3355 aliquem
1087 3275 1206 3337 statum
1226 3273 1338 3355 fuisse,
1361 3295 1423 3356 qua
1446 3295 1536 3339 excu-

395 3388 520 3453 satione
547 3388 700 3452 utendum
728 3388 785 3471 sit,
814 3389 842 3451 si
869 3390 945 3472 quid
971 3390 1005 3452 in
1033 3389 1174 3454 dramate
1196 3391 1235 3454 ab
1258 3391 1409 3474 Aeschyli
1437 3393 1536 3475 ipsius

394 3506 605 3591 posteriorum
631 3505 811 3570 fabularum
838 3529 951 3571 norma
978 3508 1150 3593 discrepet,
1180 3509 1264 3591 quod
1291 3531 1333 3573 ne
1359 3511 1537 3593 putaverim

395 3624 531 3708 quidem.
562 3625 589 3688 si
603 3626 711 3689 tamen
726 3625 900 3708 videbitur,
921 3629 1071 3711 poterunt
1087 3628 1167 3691 aliae
1183 3649 1295 3692 causae
1310 3629 1457 3692 inveniri.
1489 3609 1556 3692 est*

395 3742 474 3806 haec
495 3742 603 3806 fabula
625 3743 796 3807 veterrima
818 3745 960 3808 omnium
983 3745 1059 3809 artis
1084 3766 1216 3829 graecae
1239 3767 1318 3828 quae
1340 3749 1534 3829 manserunt,

396 3860 451 3924 sed
472 3859 580 3924 eadem
600 3860 842 3926 florentissimae
858 3863 982 3945 aetatis,
1005 3863 1184 3947 olympiade
1198 3886 1264 3927 una
1278 3865 1454 3928 seiunctaa
1473 3865 1536 3948 pri-

395 3999 449 4042 ma
468 3975 635 4061 Sophoclis
658 3979 806 4063 victoria3
829 3980 935 4063 posita
956 3980 989 4044 in
1003 3981 1154 4065 Aeschyli
1176 3981 1373 4066 principatus
1394 3981 1536 4067 fastigio,

397 4095 451 4178 qui
473 4095 578 4179 coepit
600 4118 627 4159 a.
645 4095 956 4181 OOOOLXXXIIII,
979 4100 1174 4183 totidemque
1195 4102 1270 4182 post
1283 4099 1397 4163 Persas
1420 4099 1536 4163 editam

396 4233 496 4277 annos
517 4212 644 4297 habuit,
668 4214 782 4297 quibus
798 4214 935 4280 Athenis
957 4220 1052 4300 poeta
1072 4218 1161 4281 vixit.
1197 4238 1281 4280 anno
1301 4215 1537 4301 OOGCLXXX,

397 4331 451 4414 qui
479 4332 591 4395 tertius
620 4356 638 4396 a
664 4334 767 4417 prima
787 4335 934 4417 victoria,
962 4334 1132 4398 verisimile
1158 4356 1226 4399 esse
1253 4335 1536 4421 commonstravi*)

500 4585 524 4652 *)
548 4584 772 4660 Abtaadluayeu
789 4587 839 4653 sar
855 4584 1161 4658 Aeschylus-Studium
1178 4587 1209 4653 I,
1227 4591 1257 4655 1,
1272 4603 1303 4654 p.
1323 4590 1381 4644 114.
