3659 5600
835 507 877 571 43

281 701 461 762 comicorum
475 699 574 758 Davos
589 719 606 757 a
620 698 712 758 Dahis
731 700 830 775 repeti
843 720 861 757 a
875 697 1053 775 quibusdam
1068 698 1173 758 solitos
1187 716 1266 772 esse;
1288 696 1340 756 sed
1361 695 1422 754 fue·

280 803 343 862 rint
358 802 386 861 ei
399 801 601 878 grammatici,
621 819 677 860 nec
696 800 777 859 aliud
798 803 1008 876 spectaverunt
1028 818 1117 874 quam
1131 802 1233 857 notam
1249 796 1423 868 Scytharum

281 904 390 964 sedem.
419 905 515 962 restat
529 902 692 961 etiamnum
703 901 740 961 de
754 921 804 961 vv.
821 902 891 974 283,
908 900 1141 973 289111111111,
1158 901 1234 960 sitne
1249 899 1423 959 vetustioris

281 1006 354 1087 artis
367 1004 489 1064 licentia
503 1003 690 1063 choriambus
708 1022 762 1079 pro
783 1003 913 1062 diiambo
929 1003 1059 1078 positus,
1080 1021 1119 1059 an
1140 997 1268 1064 ciruitu(
1292 1020 1327 1061 ex
1346 1000 1424 1078 glos-

282 1109 392 1167 semate
406 1106 597 1165 invecticium
610 1104 788 1165 habendum.

366 1207 400 1267 P.
415 1225 474 1268 vm
490 1204 552 1284 (vv.
568 1208 629 1266 297
644 1207 683 1266 ad
698 1204 786 1283 340).
822 1206 919 1265 scriba
933 1204 1023 1268 Laur.
1038 1206 1120 1281 prior
1139 1205 1226 1281 plura
1246 1218 1334 1280 quam
1349 1203 1425 1263 solet

283 1310 421 1385 deliquit,
437 1328 563 1385 quorum
576 1311 693 1384 partem
707 1309 772 1383 ipse
788 1306 972 1382 emendavit,
994 1306 1146 1366 diorthota
1159 1309 1299 1366 accentus
1315 1305 1423 1377 decem,

282 1411 469 1470 interductus
495 1430 561 1485 sex,
588 1411 725 1487 graviora
750 1408 858 1468 menda
884 1410 1013 1483 septem,
1043 1409 1200 1482 scripturis
1226 1407 1425 1467 recentiorum

282 1514 428 1572 librorum
446 1512 588 1588 repositis
608 1514 817 1588 praeterquam
836 1511 870 1568 in
890 1505 1052 1581 δάεκειον,
1081 1509 1160 1585 quod
1179 1529 1207 1570 v.
1228 1511 1289 1568 316
1310 1508 1423 1567 intulit.

283 1616 377 1674 altero
398 1614 534 1690 exemplo
554 1633 627 1672 num
647 1632 718 1673 usus
740 1612 795 1686 sit,
817 1611 979 1687 incertum3
1000 1630 1070 1670 nam
1090 1611 1122 1669 in
1141 1611 1240 1669 medio
1260 1629 1348 1670 versu
1363 1611 1424 1668 299

283 1715 461 1779 vocabulum
484 1734 577 1776 vacuo
598 1715 702 1774 relicto
722 1716 864 1774 omissum
891 1732 958 1772 eum
980 1713 1163 1788 supplevisse
1188 1714 1240 1771 vix
1259 1713 1332 1771 satis
1351 1711 1426 1769 mihi

285 1817 452 1879 constabat:
475 1813 581 1893 πυρὰν
595 1836 625 1876 v.
641 1817 702 1876 316
718 1817 815 1891 prima
829 1835 934 1875 manus
949 1833 984 1873 ex
999 1815 1159 1891 archetypo
1175 1814 1291 1873 dedisse
1306 1813 1427 1872 videtur

284 1954 326 1964 —
341 1922 441 1980 exstat
456 1919 534 1979 enim
550 1921 586 1977 ut
599 1937 628 1977 v.
645 1919 705 1978 309
722 1912 789 1979 οἷδ’
809 1918 841 1977 in
855 1916 1000 1977 Vaticano
1016 1949 1055 1958 —
1076 1916 1178 1992 potuit
1198 1918 1299 1974 tamur
1318 1915 1426 1990 corrigi

285 2042 321 2082 ex
336 2022 471 2083 scholiis:
488 2021 597 2096 duplex
612 2023 750 2079 accentus
766 2040 794 2079 v.
808 2021 868 2079 327
883 2019 943 2078 fuit
957 2019 1095 2078 fortassis
1106 2019 1138 2076 in
1150 2017 1319 2093 archetypo.
1350 2035 1427 2074 erro·

285 2144 332 2184 res
347 2124 462 2200 aliquot
480 2122 607 2181 leviores
628 2121 680 2182 sed
693 2120 846 2181 manifesti
866 2140 902 2180 ex
918 2121 1066 2180 communi
1080 2118 1168 2178 Laur.
1183 2121 1215 2177 et
1228 2118 1428 2178 recentiorum

162 2250 164 2254 ³
286 2226 401 2303 origine
415 2225 520 2283 traditi
534 2223 683 2296 videntur,
698 2242 771 2298 quos
782 2241 838 2282 nec
848 2223 1076 2297 interpolatores
1087 2221 1132 2280 illi
1144 2220 1427 2292 animadverterunt,

287 2328 339 2403 qui
352 2347 382 2387 v.
399 2326 507 2386 329111
526 2325 601 2384 meis
623 2343 673 2384 sex
694 2325 754 2385 νῦν
770 2324 962 2396 addiderunt,
985 2325 1048 2383 330
1067 2324 1177 2399 partim
1200 2318 1374 2396 παρόντων
1395 2317 1428 2381 b’

286 2430 398 2504 partim
413 2423 628 2500 ἀπαγγέλλων
643 2427 836 2502 scripserunt.
871 2429 942 2486 sunt
963 2428 1064 2484 tamen
1084 2443 1158 2500 quae
1180 2426 1255 2483 citra
1268 2423 1428 2499 interpola-

286 2531 378 2589 tionis
399 2530 599 2604 suspicionem
619 2527 773 2601 differant,
794 2529 922 2587 maxime
942 2528 974 2586 in
993 2527 1179 2598 nominibuS,
1201 2544 1275 2600 quae
1295 2540 1347 2583 vx:
1367 2524 1427 2581 322

289 2633 349 2691 326
364 2630 476 2689 rectius
490 2631 523 2688 in
537 2629 635 2701 Laur,
652 2631 713 2690 303
730 2631 791 2690 308
808 2630 868 2688 312
884 2628 1062 2688 examussim
1075 2628 1108 2685 in
1122 2628 1195 2687 meis
1209 2628 1360 2703 legrmtur.

372 2730 482 2791 Vetera
496 2731 548 2789 illa
562 2733 593 2790 et
606 2731 781 2808 pervulgata
795 2731 902 2788 menda
917 2731 1058 2806 pleraque
1072 2729 1185 2787 leviora
1199 2747 1248 2789 vv.
1266 2727 1315 2786 dd.
1337 2729 1429 2786 certa·

288 2836 344 2894 tim
358 2834 543 2894 sustulerunt
557 2837 609 2892 aut
622 2834 727 2894 tollere
742 2833 931 2906 studuerunt,
946 2853 995 2892 vv.
1008 2833 1069 2891 299
1091 2851 1127 2890 cx
1144 2831 1240 2891 schol.
1255 2829 1350 2888 Arist.
1365 2847 1429 2888 ran.

291 2937 382 3010 1028,
398 2937 458 2996 306
475 2936 536 2995 316
552 2936 613 2994 318
630 2936 692 2995 320
708 2935 768 2994 322
784 2935 845 2993 326
862 2935 922 2993 327
938 2935 999 2994 329
1016 2935 1092 3008 330,
1113 2952 1237 3009 quarum
1251 2931 1430 2991 emendatio·

288 3057 360 3097 num
375 3056 448 3113 quas
469 3035 648 3096 certissimas
670 3054 733 3095 non
746 3036 882 3109 iudicavi,
897 3037 1020 3111 insuper
1033 3035 1138 3094 habui:
1159 3052 1285 3108 namque
1301 3034 1431 3092 incertae

289 3140 379 3200 etiam
399 3137 613 3215 periclitandae
634 3137 763 3198 1111111111
781 3157 831 3196 vv.
847 3139 910 3197 310
925 3139 996 3210 319,
1015 3138 1069 3196 ubi
1089 3137 1244 3196 turbatum
1265 3154 1328 3194 1111
1342 3154 1359 3192 1
1373 3133 1431 3209 By-

289 3241 416 3301 zantinis
436 3242 580 3316 suspicor.
611 3239 775 3299 subtilioris
796 3239 869 3298 artis
890 3239 1010 3298 criticae
1029 3239 1062 3297 in
1080 3239 1135 3297 hac
1155 3238 1263 3314 pagina
1283 3236 1431 3311 specimen

290 3343 385 3403 edidit
398 3330 557 3415 Porsonus,
573 3343 624 3418 qui
639 3342 717 3401 circa
731 3360 759 3399 v.
776 3341 835 3399 321
859 3339 1003 3399 excidisse
1018 3340 1161 3415 quaedam
1176 3339 1291 3412 docuit;
1314 3356 1431 3396 causam

290 3463 447 3520 casumque
468 3464 525 3521 quo
546 3443 577 3502 id
596 3442 724 3515 factum,
745 3442 918 3518 ignorabat,
945 3442 981 3501 de
1000 3461 1058 3518 qua
1077 3459 1109 3500 re
1128 3441 1258 3500 indicavi
1281 3458 1369 3514 supra
1394 3438 1432 3496 ad

290 3568 319 3605 v.
337 3547 407 3605 168.
441 3546 565 3606 adiciam
586 3544 718 3604 eiusdem
738 3542 819 3602 modi
839 3543 1076 3603 observationem
1091 3542 1127 3600 de
1141 3562 1191 3602 vv.
1207 3543 1266 3600 311
1284 3540 1433 3616 3121111-

290 3649 347 3708 bus
368 3650 398 3706 et
418 3647 492 3722 ipsis
513 3647 642 3722 primum
662 3646 864 3704 inconstantia
883 3645 963 3704 inest
982 3647 1099 3720 poetae,
1121 3644 1172 3719 qui
1193 3662 1221 3701 v.
1234 3643 1275 3700 44
1290 3642 1433 3701 Arcteum

290 3750 428 3827 regulum
444 3748 638 3819 Asianorum,
660 3765 721 3805 non
735 3745 919 3820 Aethiopum
934 3745 1057 3818 dixerat,
1079 3744 1184 3804 deinde
1200 3743 1353 3803 scabritias
1369 3761 1432 3801 ora-

291 3851 392 3924 tionis,
408 3870 475 3909 cum
489 3844 680 3924 postJinrov
695 3850 817 3923 quartus
833 3846 962 3919 additur,
977 3851 1044 3906 tum
1058 3865 1127 3906 cura
1142 3846 1238 3904 defuit
1252 3845 1433 3918 criticorum,

292 3953 343 4027 qui
358 3952 536 4027 scripturam
555 3949 712 4009 meliorum
730 3949 889 4021 librorum,
910 3967 1044 4007 meorum
1058 3946 1334 4019 Mediolanensium,
1350 3944 1434 4003 Vati·
1543 3962 1548 3972 ·

292 4052 371 4125 oeni,
392 4051 560 4112 Florentini
580 4049 767 4123 vetustioris,
789 4052 978 4126 spreverunt3
1001 4045 1086 4127 οἵδε,
1106 4049 1185 4125 quod
1200 4046 1333 4107 Venetus
1353 4047 1435 4123 prior

293 4156 458 4214 correctum
472 4154 509 4212 ab
525 4153 640 4225 eadem,
661 4154 747 4228 puto,
769 4171 859 4211 manu
879 4155 910 4212 et
930 4151 1110 4211 recentiores
1132 4153 1193 4210 tres
1215 4150 1369 4225 praebent,
1385 4147 1434 4206 ad·

292 4256 447 4315 miserunt.
476 4254 669 4330 transpositis
690 4253 834 4327 versibus,
855 4254 901 4312 uti
916 4253 1004 4326 edidi,
1026 4272 1059 4312 ea
1074 4253 1225 4312 evitantur
1240 4251 1348 4310 omnia.
1378 4250 1436 4309 erit

291 4356 418 4415 fortasse
442 4355 494 4432 qui
515 4355 619 4415 eodem
638 4355 769 4415 remedio
790 4353 935 4413 utendum
955 4356 1041 4430 putet
1061 4353 1152 4413 etiam
1165 4353 1198 4411 in
1212 4346 1356 4427 proximis
1373 4350 1435 4410 314

293 4458 370 4531 315,
390 4476 428 4516 ne
448 4458 499 4533 qui
519 4453 752 4533 μυριόνταρχος
770 4455 905 4531 peditum
926 4455 1032 4528 fuerit,
1060 4454 1200 4514 continuo
1220 4452 1347 4529 triplicis
1372 4453 1434 4511 eius

293 4559 410 4618 numeri
424 4559 573 4635 equitatus
589 4559 647 4616 dux
663 4558 787 4630 dicatur,
809 4575 882 4632 quae
897 4574 1008 4633 genera
1022 4556 1059 4614 ab
1073 4554 1227 4614 Herodoto
1248 4557 1275 4627 7,
1293 4555 1331 4613 81
1348 4555 1434 4613 1188
