3659 5600
943 502 982 565 12

477 688 629 764 Τενάγων
652 690 685 751 τ’
707 688 850 771 άριςτος,
872 691 1034 769 Βακτρίων
1058 691 1205 769 ἰθαγενὴς

476 809 757 887 θαλαςςάπληκτον
779 811 878 886 νῆςον
900 808 1036 874 Αἴαντος
1057 811 1161 873 πολεῖ.

476 925 619 1009 Λίλαιος,
642 926 795 1006 Ἀρςάμης
816 947 851 991 τε
872 926 1047 1005 κάργήςτης
1069 928 1190 1006 τρίτος,

477 1043 545 1110 οἷδ’
567 1046 648 1127 ἀμφὶ
670 1049 768 1125 νῆςον
790 1047 848 1126 τὴν
870 1045 1145 1126 πελειοθρέμμονα

476 1166 647 1244 νικώμενοι
669 1165 812 1245 κύριςςον
835 1163 966 1242 ἰςχυράν
988 1165 1104 1243 χθόνα·

477 1286 595 1362 πηγαῖς
616 1303 651 1349 τε
674 1283 791 1348 Νείλου
812 1285 970 1358 γειτονῶν
992 1283 1165 1360 Αἰγυπτίου

477 1401 685 1481 Φαρνοῦχος,
708 1401 740 1465 οί
761 1422 795 1466 τε
817 1402 896 1466 ναὸς
918 1402 954 1466 ἐκ
974 1404 1045 1480 μιᾶς
1066 1402 1182 1484 πέεον,

478 1519 625 1599 Ἀρκτεύς
646 1518 776 1598 Ἀδεύης
798 1519 848 1584 καὶ
869 1519 1063 1599 Φερεςςεύης
1085 1521 1201 1599 τρίτος.

477 1638 616 1717 Χρυςεύς
639 1639 811 1703 Μάταλλος
833 1638 1068 1718 μυριόνταρχος
1090 1639 1215 1715 θανὼν,

475 1755 579 1821 ίππου
600 1755 749 1836 μελαίνης
770 1756 898 1835 ἡγεμὼν
921 1757 1117 1838 τριςμυρίας,

476 1876 598 1955 πυρςὴν
620 1878 764 1954 ζαπληθῆ
790 1875 920 1942 δάςκιον
941 1875 1091 1952 γενειάδα

476 1994 595 2071 ἔτεγγ’,
618 1992 757 2075 ἀμείβων
780 2000 888 2074 χρῶτα
909 1996 1082 2077 πορφυρέᾳ
1106 2000 1202 2079 βαφῇ.

476 2114 528 2179 καί
550 2113 664 2189 Μάγος
685 2113 839 2194 Ἀραβος,
862 2112 1016 2195 Ἀρτάμης
1038 2135 1072 2180 τε
1095 2086 1264 2196 Βάκτριος,

478 2234 613 2310 ςκληράς
634 2232 780 2311 μέτοικος
801 2235 876 2314 γῆς,
899 2232 965 2298 ἐκεῖ
986 2232 1166 2312 κατέφθιτο.

475 2351 639 2430 Ἀμηςτρις
661 2350 866 2432 Ἀμφιςτρειίς
886 2371 922 2417 τε
944 2352 1137 2417 πολύπονον
1160 2351 1240 2431 δόρυ

476 2474 614 2551 νωμῶν,
636 2468 656 2534 ὅ
678 2468 711 2533 τ’
734 2468 844 2536 ἑςθλδς
866 2469 1076 2550 Ἀριόμαρδος
1120 2493 1135 2532 ι
1179 2493 1197 2533 ι
1238 2493 1256 2533 ι

477 2588 1273 2667 ικκνκκιικκυκίάρδεςιν

480 2705 599 2771 πένθος
621 2706 815 2786 παραςχῶν,
837 2705 986 2787 (ειςάμης
1007 2704 1027 2771 δ
1051 2706 1188 2788 Μύςιος,

480 2825 619 2906 Θάρυβίς
640 2844 674 2890 τε
697 2826 897 2904 πεντήκοντα
919 2826 1067 2892 πεντάκις
1089 2830 1174 2892 νεῶν

477 2945 592 3027 ταγὸς,
613 2945 709 3020 γένος
731 2945 906 3027 Λυρναῖος,
928 2942 1051 3023 εὐειδὴς
1073 2943 1155 3024 ἀνὴρ
1162 2991 1171 3024 ,

477 3065 576 3127 κεῖται
598 3039 708 3129 θανῶν
730 3064 867 3129 δείλαιος
889 3061 930 3128 οὐ
951 3063 1029 3143 μάλ’
1050 3062 1208 3141 εὐτυχῶς·

480 3179 644 3246 (υέννεςίς
665 3202 699 3246 τε
721 3185 852 3261 πρῶτος
874 3179 917 3247 εἰς
940 3180 1114 3264 εὐψυχίαν,

480 3298 618 3364 Κιλίκων
639 3298 801 3383 ἄπαρχος,
823 3298 870 3366 είς
891 3299 973 3380 ἀνὴρ
994 3302 1145 3365 πλεῑςτον
1167 3299 1273 3366 πόνον

478 3417 606 3498 ἐχθροῖς
627 3420 819 3501 παραςχῶν,
841 3418 981 3484 εὐκλεῶς
1003 3417 1163 3483 ἀπώλετο.

478 3535 613 3601 τοιῶνδ’
635 3535 804 3615 ἀρχόντων
827 3536 1029 3617 ὑπεμνήςθην
1050 3536 1133 3616 πέρι.

477 3656 612 3720 πολλῶν
634 3654 807 3733 παρόντων
830 3654 918 3732 ὀλίγ’
939 3654 1135 3731 ἀπαγγέλλω
1157 3655 1245 3719 κακά.

393 3772 452 3837 ΑΤ.
478 3772 561 3855 αἰαῖ,
583 3777 690 3838 κακῶν
711 3770 828 3852 ὐψιςτα
850 3775 889 3853 δὴ
912 3774 999 3839 κλύω
1021 3773 1112 3855 τάδε,

480 3890 572 3969 αίςχη
594 3910 628 3954 τε
650 3890 787 3970 Πέρςαις
809 3893 860 3957 καλ
882 3891 973 3969 λιγέα
994 3891 1173 3973 κωκύματα.

478 4007 559 4089 ἀτάρ
583 4008 710 4090 φράςον
733 4030 787 4089 μοι
808 3998 901 4076 τοῦτ’
923 4009 1127 4090 ἀναςτρέψας
1148 4009 1261 4090 πάλιν,

478 4128 580 4194 πόςον
602 4128 638 4192 δὲ
659 4129 782 4206 πλῆθος
803 4127 844 4208 ἦν
865 4134 952 4195 νεῶν
975 4127 1186 4209 Ἑλληνίδων,

480 4245 559 4311 ὥςτ’
580 4245 708 4313 ἀξιῶςαι
730 4246 875 4332 Περςικῷ
898 4246 1102 4328 ςτρατςιίματι

478 4365 581 4445 μάχην
604 4365 743 4445 ςυνάψαι
765 4366 902 4431 ναίοιςιν
925 4365 1091 4446 ἐμβολαῑς;

394 4483 449 4548 ΑΓ.
480 4483 624 4561 πλήθους
645 4484 703 4562 μὲν
725 4483 765 4550 ἂν
787 4483 871 4565 (ἀφ’
891 4483 960 4549 ἴςθ’
982 4483 1067 4548 ἕκατι
1090 4482 1259 4563 βαρβάρων

478 4604 559 4667 ναῦς
582 4600 633 4664 καὶ
654 4606 812 4681 κρατῆται.
855 4601 990 4680 καὶγὰρ
1012 4601 1157 4680 Ἕλληςιν
1180 4603 1238 4682 μὲν
1260 4601 1300 4680 ἦν
