3659 5600
759 547 801 552 —-
844 524 909 568 XIII
954 546 992 551 —

305 678 469 744 ΞΑΝοο(
492 650 652 742 ¹eouroc:
689 675 724 738 a
746 674 960 758 descriptione
982 675 1045 739 aa
1066 675 1164 760 agna
1185 676 1246 741 sse
1268 679 1321 760 (a
1343 679 1445 759 rurae,

305 796 398 860 catut,
422 793 507 859 Dar.
530 815 561 858 rr.
583 795 661 878 394)
683 791 775 856 video
797 792 880 856 tradi
903 794 1071 860 reouroc.
1108 794 1296 859 mirabiliter
1317 796 1350 860 id
1373 818 1446 861 con·

304 913 393 978 venit
404 934 476 976 cum
487 912 543 975 illo
560 913 712 991 ἰροπῶτι(
731 909 814 993 apud
833 909 1021 974 scholiastes
1035 911 1184 996 Homeri,
1199 913 1313 998 fragm.
1329 915 1446 980 Aesch.

304 1030 368 1096 396
389 1029 441 1108 Η.,
470 1029 554 1113 quod
580 1033 688 1093 tamen
715 1027 867 1110 Aeschyli
893 1049 961 1092 non
987 1027 1049 1093 dici
1077 1033 1171 1113 puto,
1201 1031 1256 1094 sed
1283 1032 1402 1096 factum
1430 1055 1447 1097 e

304 1170 397 1212 versu
419 1146 570 1229 Aeschyli
598 1146 676 1211 Cho.
698 1146 762 1212 572
787 1145 828 1210 Η.
856 1145 938 1210 nihil
966 1147 1035 1210 sani
1063 1147 1192 1213 subesse
1219 1148 1357 1233 ridetur,
1387 1172 1447 1214 nec

304 1267 339 1330 in
372 1266 444 1349 equi
476 1265 606 1329 nomine
638 1285 713 1330 ruoc
745 1263 927 1328 terminatio
955 1287 974 1328 a
1006 1268 1090 1332 πίνω
1117 1265 1238 1329 adstrui
1269 1288 1378 1352 posse,
1412 1272 1447 1331 ut

306 1384 430 1449 dicatur
450 1384 664 1465 sonpnibibua

389 1501 551 1566 Dramatis
578 1501 683 1584 ipsum
706 1502 929 1584 argumentum
950 1501 1156 1565 nullomodo
1184 1502 1326 1585 expediri
1353 1524 1446 1587 posse

304 1620 442 1685 ridetur:
471 1622 597 1685 tantum
612 1618 817 1703 Argonautas
839 1618 875 1682 in
896 1617 1062 1682 Thessalia
1082 1618 1284 1702 hospitaliter
1297 1625 1445 1704 acceptos

305 1738 375 1802 aliis
398 1736 550 1802 Graeciae
571 1736 647 1800 viris
669 1736 821 1817 fortibus,
850 1734 996 1817 Herculi,
1024 1737 1060 1798 ut
1087 1735 1274 1801 Leutschius
1301 1739 1443 1822 putabat,

305 1856 503 1921 consociatos
537 1855 640 1918 denuo
669 1854 696 1917 si
728 1856 824 1937 poeta
855 1853 1041 1936 produxisse
1073 1857 1218 1937 putetur,
1253 1855 1337 1938 quod
1369 1857 1445 1921 licet

303 1975 461 2059 profecto,
496 1972 643 2057 trilogiae
671 1971 750 2036 satis
777 1971 897 2035 factum
930 1971 995 2056 legi
1024 1970 1180 2054 rideatur,
1214 1971 1252 2035 de
1280 1995 1342 2056 qua
1370 1974 1444 2038 dixi.

303 2114 370 2156 non
392 2092 510 2175 habe0,
534 2112 596 2175 quo
619 2091 682 2154 alio
704 2090 800 2153 modo
823 2088 979 2154 Glaucum
1002 2087 1134 2153 Oeneidi
1156 2090 1341 2172 attribuam
1370 2113 1445 2155 nam

304 2211 332 2274 si
359 2210 400 2274 ad
426 2209 658 2294 Amphiaraum
685 2207 889 2291 pertinuerit,
924 2206 1008 2290 quod
1037 2205 1075 2270 Ο.
1104 2205 1276 2271 Muellerus
1303 2210 1445 2292 putabat,

306 2326 449 2412 (inopiae
464 2327 590 2391 fabulae
606 2327 785 2410 migrarunt
800 2325 839 2389 ad
854 2325 1042 2409 Amphiarai
1065 2324 1247 2409 delubrum,
1271 2326 1356 2409 quod
1379 2331 1447 2392 erat

303 2467 403 2529 prope
418 2445 576 2530 Oropum,
600 2445 724 2529 Oropus
738 2445 801 2509 fuit
821 2444 961 2508 tribuum
976 2442 1183 2507 Pandionidis
1198 2447 1254 2508 aut
1267 2444 1443 2510 Aeantidis.

388 2563 491 2628 Lubet
520 2585 766 2628 commemorare
792 2563 996 2648 Argonautas
1023 2561 1175 2627 Colchide
1203 2561 1334 2627 reduces
1362 2563 1446 2646 apud

303 2681 493 2746 Pausaniam
515 2682 619 2765 pictos
642 2704 661 2745 a
682 2680 808 2745 Mieone
830 2680 893 2745 dici
918 2683 951 2762 1,
982 2680 1036 2763 18,
1065 2682 1080 2743 1
1104 2681 1139 2743 in
1161 2680 1238 2744 aede
1260 2679 1444 2745 Castorum:

303 2800 433 2865 fuerunt
454 2800 602 2865 fortassis
624 2799 658 2864 in
680 2799 790 2864 eadem
811 2798 936 2883 pictura
956 2797 1116 2882 Peliades,
1145 2821 1278 2882 quarum
1300 2800 1445 2865 meminit

303 2917 476 2983 Pausanias
504 2920 539 3002 8,
576 2920 630 3002 11,
663 2919 698 2983 3:
745 2939 804 2981 nee
831 2916 1057 3001 improbabile,
1089 2918 1188 2983 fuisse
1216 2917 1322 2983 Buten
1354 2919 1445 2982 illum

303 3038 539 3122 Argonautem,
567 3058 757 3121 quamquam
779 3035 957 3119 Hesychius
979 3036 1013 3098 in
1036 3037 1161 3102 Θᾶττον
1185 3041 1217 3101 et
1234 3036 1392 3100 Zenobius
1413 3038 1443 3116 4,

302 3155 345 3220 28
371 3160 438 3222 τῶν
466 3157 519 3221 ἐπὶ
545 3162 583 3240 τῇ
610 3160 688 3238 (τοᾷ
714 3155 904 3236 μαχομένων
933 3154 1073 3218 nedum.
1115 3154 1222 3238 pinxit
1248 3154 1334 3218 enim
1359 3155 1445 3219 idem

304 3273 414 3337 Micon
441 3272 615 3337 seeundum
642 3270 796 3354 quosdam
821 3272 855 3335 in
877 3274 948 3335 stoa
969 3271 1095 3336 Poecile
1120 3294 1263 3357 pugnam
1284 3272 1444 3337 Maratho-

303 3391 390 3455 niam
414 3412 486 3455 oum
509 3389 659 3472 Aeschyli
681 3388 789 3475 (Paus.
815 3388 926 3472 1,21,
949 3389 983 3475 3)
1007 3392 1040 3453 et
1060 3389 1167 3453 trahis
1190 3390 1311 3476 effigie,
1339 3393 1385 3474 et,
1408 3394 1444 3455 ut

302 3509 470 3593 putabam,
493 3529 601 3572 versus
624 3507 792 3571 Persarum
813 3506 876 3570 236
897 3507 1109 3571 admiratione
1130 3511 1236 3572 motus

406 3629 458 3692 καὶ
479 3607 611 3707 orooro(
632 3631 769 3705 reosrxoc
790 3625 882 3704 deinc
904 3627 1013 3691 πολλὰ
1034 3629 1073 3706 δὴ
1097 3627 1228 3705 Μήδου(
1249 3627 1343 3705 κακά,

303 3766 376 3809 cum
397 3766 469 3808 eum
496 3744 701 3808 illustraverit
728 3743 856 3828 egregie
882 3744 1084 3828 congregatis
1111 3743 1261 3808 heroibus
1282 3743 1443 3828 indigenis

303 3861 467 3945 Marathe,
489 3861 641 3945 Echetlo,
663 3861 801 3943 Theseo,
825 3883 920 3944 quern
941 3860 1016 3925 data
1037 3883 1133 3945 opera
1153 3862 1294 3944 induxit,
1322 3865 1355 3925 et
1376 3861 1442 3925 deis

303 3982 483 4062 γαιηόχοιε,
510 3982 612 4044 terrae
634 3980 836 4062 tutelaribus,
858 3979 1016 4062 Minerva,
1044 3978 1189 4044 Hercule.
1233 3979 1334 4042 nolim
1356 3979 1442 4043 coni·

305 4120 374 4163 cere
403 4099 608 4183 Argonautas
640 4119 764 4181 quoque
792 4119 830 4161 ex
856 4096 916 4160 hac
945 4096 1098 4179 Aeschyli
1130 4097 1238 4160 fabula
1267 4097 1441 4161 effinxisse:

303 4216 382 4280 illud
413 4218 522 4280 tamen
553 4216 793 4299 affirmaverim,
831 4218 958 4301 poetam
990 4214 1050 4278 hac
1079 4214 1281 4298 potissimum
1314 4215 1443 4300 trilogia

302 4334 458 4399 institisse
481 4337 513 4398 et
534 4333 694 4418 aperuisse
716 4334 814 4415 viam,
844 4355 939 4416 quam
960 4332 1033 4396 illos
1057 4333 1195 4416 pictores
1218 4336 1441 4417 persequentes

303 4452 456 4517 videmus.
508 4451 708 4538 Polygnotus
741 4453 774 4515 et
804 4472 883 4534 quos
918 4452 953 4515 in
984 4454 1051 4515 arte
1084 4451 1188 4516 socios
1220 4451 1331 4516 habuit
1363 4474 1442 4536 quae

302 4571 430 4656 publice
452 4570 589 4634 Athenis
611 4569 783 4652 pinxerunt
803 4569 968 4653 pleraque,
997 4569 1093 4633 etiam
1114 4571 1142 4635 si
1170 4592 1249 4654 quae
1275 4570 1442 4654 perspicua
