3659 5600
849 533 892 599 55

299 746 388 787 versu
401 726 535 803 proximo
550 726 622 801 quid
636 727 735 786 actum
749 727 797 799 sit,
812 726 885 785 mihi
895 744 957 784 non
971 726 1079 803 liqnet;
1095 727 1192 800 prima
1201 744 1306 785 manus
1319 723 1345 787 ὼ
1358 721 1439 804 (cum

298 848 402 888 rasura
422 828 526 888 subter
545 825 679 905 gravem)
702 824 778 888 (ἕ-αν
800 823 832 900 ς’
851 827 957 901 habet,
979 828 1073 886 altera
1088 824 1115 887 ὣ
1131 828 1227 900 dedit,
1248 826 1354 902 reliqui
1368 826 1438 885 libri

297 934 416 1004 praeter
434 948 527 988 unum
548 929 619 988 satis
639 929 751 987 bonum
773 925 818 990 ὼε
834 924 896 989 ἕω(
911 923 947 989 ἔλ
967 927 1121 1003 praebent.
1150 929 1293 1003 putabam
1306 930 1439 989 veterem

298 1032 476 1107 scripturam
490 1031 581 1090 fuisse

601 1128 710 1208 ὄλβον,
733 1127 849 1207 εὐτυχῆ
871 1127 998 1207 πότμον

411 1230 467 1304 ὼε,
490 1229 551 1294 ἕω(
573 1231 605 1293 τ)
632 1229 775 1294 erescere
797 1229 898 1305 αὐγὰς
919 1228 1028 1307 ἡλίου,
1051 1229 1199 1307 διήγαγε(
1220 1230 1285 1292 κτλ.

297 1339 367 1396 sunt
386 1336 518 1395 eiusdem
538 1336 620 1395 modi
636 1336 696 1393 713
712 1331 815 1415 λργῳ,
838 1335 917 1410 quod
933 1334 991 1392 duo
1008 1335 1067 1392 mci
1086 1351 1147 1393 non
1160 1333 1298 1410 vulgares
1312 1334 1437 1409 habent,

299 1439 361 1498 730
374 1434 573 1511 κενανδρίαν,
590 1433 798 1515 κενανδρίαν,
813 1438 847 1493 ut
861 1435 929 1509 mei,
945 1431 1124 1514 κενανδρίᾳ,
1140 1438 1174 1493 ut
1188 1435 1278 1494 Laur.
1294 1435 1436 1508 fortassis,

295 1558 356 1598 non
379 1534 709 1614 reverenissimo,
738 1538 797 1595 731
820 1535 913 1610 κενῆε
935 1537 1068 1595 omnium
1092 1555 1225 1594 meorum
1248 1539 1278 1595 et
1303 1536 1438 1596 fortassis

296 1640 488 1713 scholiastae3
506 1641 565 1698 733
583 1634 663 1699 οἵων
678 1639 781 1714 unius;
800 1638 861 1698 740
876 1634 1034 1714 ἐπέίκηψε
1049 1640 1155 1713 trium3
1180 1639 1238 1696 741
1256 1633 1437 1713 ἐκτελευτῆ-

296 1758 344 1803 (αι
360 1744 499 1816 quattuor
513 1758 655 1798 meorum.
685 1758 746 1798 non
760 1741 831 1798 haec
846 1739 1025 1814 interpolata
1036 1739 1184 1812 videntur,
1194 1742 1228 1796 ut
1243 1742 1288 1798 est
1302 1739 1436 1799 fortassis

297 1844 358 1902 720
378 1837 605 1917 (τρατηλάταιν
626 1842 758 1900 omnium
779 1860 883 1918 prope,
905 1844 975 1900 sunt
1000 1841 1059 1899 729
1076 1838 1112 1901 δὲ
1127 1840 1190 1902 πᾶ(
1206 1838 1350 1916 croceos,
1376 1843 1443 1901 738·

295 1941 401 2005 τούτω
422 1940 456 2016 γ’
481 1962 542 2001 non
561 1942 730 2018 vulgarium
750 1962 893 2002 meorum.
930 1938 1060 2018 ἐντύχοι
1081 1943 1150 2015 706,
1168 1943 1230 2002 720
1250 1939 1437 2018 (spurcand-

294 2061 364 2106 τοιν
379 2064 440 2103 non
454 2045 513 2104 nisi
527 2045 560 2102 in
574 2044 761 2102 Triclinianis
781 2046 962 2120 comparent,
985 2046 1113 2119 suntque
1128 2044 1307 2118 spernenda:
1335 2039 1436 2106 εἰπεῖν

295 2144 374 2208 {noc
396 2148 457 2206 714
479 2146 573 2205 eidem
593 2148 673 2205 recte
693 2145 812 2205 habent.
852 2148 973 2220 praeter
992 2144 1104 2223 κλῇεαι
1125 2145 1185 2203 723
1208 2148 1238 2203 et
1252 2144 1437 2204 Herodianea

294 2249 452 2324 quaedam,
474 2266 600 2323 quorum
621 2246 747 2306 enclisin
766 2250 798 2305 in
817 2266 957 2323 praesens
979 2247 1079 2319 omisi,
1106 2246 1203 2321 prima
1221 2245 1309 2304 Laur.
1331 2265 1436 2305 manus

292 2350 441 2426 peculiare
455 2350 550 2408 bonae
565 2349 659 2424 frugis
680 2348 756 2407 nihil
773 2349 871 2408 habet.
903 2368 938 2406 ex
958 2348 1227 2407 Mediolanensibus
1248 2347 1319 2406 solis
1340 2348 1437 2423 recepi

294 2447 338 2511 ὣ(
354 2451 425 2510 745.

376 2552 460 2612 Inter
485 2572 532 2625 ea,
557 2571 630 2627 quae
657 2552 784 2611 secunda
808 2569 912 2609 manus
945 2551 1090 2627 corrigere
1115 2550 1261 2626 neglexit,
1288 2552 1436 2626 scriptura

284 2658 322 2715 ν.
340 2656 400 2714 730
421 2649 466 2715 ὼε
489 2649 595 2714 ὀυεῶν
616 2652 708 2712 fuisse
734 2653 866 2725 videtur,
890 2671 964 2727 quae
988 2670 1076 2728 aegre
1097 2651 1282 2728 dignoscitur
1302 2652 1357 2711 sub
1373 2672 1434 2712 cor·

292 2757 422 2817 rectione
442 2755 660 2816 recentissimae
681 2754 787 2814 tertiae
806 2773 910 2814 manus
935 2749 1114 2815 ὠνεούεων.
1143 2754 1242 2813 nescio
1257 2773 1296 2813 an
1309 2754 1435 2814 nimium

292 2860 450 2919 tribuerim
468 2859 536 2917 huic
556 2859 669 2933 primae
690 2875 793 2915 manus
813 2856 994 2929 testimonio,
1016 2875 1083 2914 cum
1097 2855 1180 2914 illam
1195 2857 1374 2931 scripturam
1389 2877 1435 2917 su·

292 2979 409 3038 peresse
428 2980 494 3019 snm
514 2960 680 3035 suspicatus
702 2978 737 3016 ex
755 2976 858 3030 versu,
886 2957 969 3016 cuius
990 2976 1057 3033 pars
1082 2956 1231 3031 posterior
1251 2958 1436 3019 interciderit

293 3063 396 3123 eodem
415 3062 517 3135 modo,
540 3080 598 3136 quo
619 3079 709 3136 supra
723 3059 873 3119 Porsonus
893 3058 1035 3118 iudicavit
1053 3058 1086 3144 in
1105 3078 1134 3117 ν.
1151 3059 1223 3118 321.
1254 3064 1366 3119 certum
1388 3063 1434 3120 est

292 3184 327 3224 ex
342 3165 403 3238 illa,
419 3183 507 3239 quam
522 3181 613 3238 supra
627 3162 693 3234 feei,
709 3161 929 3237 computatione
944 3160 992 3219 hic
1006 3178 1122 3235 quoque
1136 3160 1169 3218 in
1188 3160 1276 3220 adesa
1290 3164 1341 3220 aut
1355 3161 1434 3220 eluta

291 3269 375 3342 parte
390 3264 544 3340 archetypi
557 3263 673 3322 turbari
687 3264 820 3338 potuisse
836 3281 852 3320 a
865 3263 1005 3335 librariis,
1021 3281 1076 3321 nec
1090 3262 1270 3321 locutionem
1283 3262 1316 3321 in
1330 3284 1359 3321 ν.
1372 3264 1434 3323 730

292 3368 362 3426 satis
383 3385 447 3426 esse
467 3365 663 3440 perspicuam.
703 3365 729 3422 si
750 3364 808 3422 duo
828 3382 932 3423 versus
952 3364 985 3421 in
1004 3383 1096 3422 unum
1118 3364 1263 3423 contracti
1282 3367 1432 3439 putentur,

291 3467 434 3526 exciderit
454 3467 571 3540 oportet
595 3465 715 3536 tertius,
736 3466 768 3523 in
788 3483 846 3539 quo
867 3464 942 3523 alius
962 3464 1115 3523 cuiusdam
1130 3463 1261 3524 clarioris
1276 3463 1433 3523 Persarum

291 3568 391 3644 gentis
419 3570 470 3626 aut
494 3565 596 3641 oppidi
620 3583 729 3623 nomen
754 3565 885 3624 adfuisse
911 3565 1102 3625 coniciebam.
1142 3585 1211 3624 nam
1236 3564 1379 3625 Susorum
1404 3569 1434 3626 et

291 3669 467 3728 Bactrorum
481 3668 593 3726 mentio
608 3665 713 3725 exilior
728 3670 800 3740 erat,
815 3686 903 3742 quam
919 3685 972 3741 pro
986 3685 1020 3725 re
1034 3669 1113 3726 nata.
1147 3667 1205 3726 feci
1219 3668 1340 3726 interim
1355 3668 1433 3743 quod

291 3771 390 3847 potui,
411 3773 441 3827 et
461 3787 516 3843 pro
536 3768 588 3826 illo
610 3764 733 3844 γέρων,
760 3768 839 3843 quod
860 3767 1040 3842 explicatum
1059 3768 1194 3827 nondum
1214 3772 1272 3840 est,
1300 3769 1432 3827 omnium

291 3872 445 3944 librorum,
461 3870 617 3929 eiusmodi
631 3888 748 3942 nomen,
765 3869 844 3945 quod
859 3870 938 3945 apud
954 3868 1131 3929 Strabonem
1144 3888 1175 3943 p.
1189 3870 1248 3928 728
1265 3888 1332 3928 cum
1348 3868 1430 3930 Susis

292 3972 443 4048 Persepoli
458 3974 489 4030 et
502 3970 679 4047 Pasargadis
694 3971 883 4030 coniunctum
898 3974 952 4044 est,
967 3973 1094 4047 reposui.

376 4074 510 4133 Alteram
525 4072 762 4132 emendationem
776 4091 879 4132 versus
896 4074 956 4131 736
972 4074 1125 4148 temptavi.
1154 4091 1224 4131 nam
1238 4073 1289 4148 qui
1302 4092 1358 4147 pro
1373 4090 1429 4149 μο-

292 4175 360 4238 λεῖν
375 4176 513 4251 legerunt
527 4174 652 4251 φυγεῖν,
668 4193 729 4233 non
743 4174 883 4234 videntur
892 4173 1000 4250 legisse
1011 4170 1157 4250 γέφυραν
1169 4173 1335 4234 accusativo
1350 4192 1428 4233 casu.
1476 4214 1478 4218 -

291 4278 365 4336 duos
385 4280 491 4353 pontes
512 4275 604 4334 fuisse
625 4276 657 4333 in
671 4274 867 4350 Hellesponto
881 4275 961 4350 ‘satis
980 4278 1085 4335 notum
1105 4294 1140 4333 ex
1160 4273 1313 4334 Herodoto
1334 4277 1362 4348 7,
1378 4277 1429 4351 34,

292 4381 346 4452 36,
369 4379 425 4452 553
447 4379 481 4449 8,
505 4378 580 4449 108,
604 4378 679 4448 110,
704 4375 815 4435 scholio
835 4376 930 4435 Arist.
950 4395 1016 4451 equ,
1032 4376 1087 4434 84:
1114 4376 1192 4450 quod
1211 4376 1349 4452 ignorare
1368 4396 1429 4435 non

291 4480 391 4556 potuit
405 4477 578 4553 Aeschylus,
595 4477 710 4537 etiamsi
731 4477 784 4536 illc
798 4480 933 4551 tempore
948 4477 990 4534 eis
1005 4495 1092 4535 usum
1105 4476 1233 4535 Xerxem
1247 4476 1321 4536 falso
1337 4478 1429 4537 credi·

291 4582 349 4657 dit,
375 4579 446 4640 Her.
472 4580 507 4652 8,
537 4581 611 4653 117,
640 4569 712 4638 120.Ι
753 4577 907 4638 sedidem
930 4577 1141 4638 narrationes
1166 4597 1268 4638 eorum
1292 4580 1428 4657 pontium
