3659 5600
942 518 985 581 40

389 713 664 792 interpolationem,
680 714 816 787 utputo,
834 710 944 771 saeculi
959 709 1034 784 XII,
1050 710 1175 770 fortasse
1191 709 1311 769 scholiis
1327 708 1533 783 posteriorem,

390 821 425 878 ut
438 814 643 894 adsignificavi
657 834 687 891 p.
701 816 756 890 763
773 814 834 873 208
849 812 965 872 mutavi
980 811 1121 891 πτεροῑε,
1136 812 1227 887 prout
1241 830 1292 870 eae
1307 811 1535 870 terminationes

391 920 423 980 in
437 918 523 978 libris
538 917 657 978 variant
671 937 700 977 v.
717 916 787 974 743.

476 1020 588 1080 Locum
603 1018 753 1094 explicatu
769 1014 924 1076 difficilem
939 1036 968 1075 v.
987 1017 1046 1075 168
1062 1016 1198 1092 expedivi
1212 1015 1263 1089 ita,
1279 1016 1313 1073 ut
1327 1014 1416 1073 unius
1431 1033 1535 1075 versus

391 1123 504 1182 iactura
519 1141 553 1181 ea
566 1120 752 1181 intercidisse
768 1120 945 1191 statuerem,
969 1135 1045 1193 quae
1067 1117 1248 1176 sententiam
1261 1116 1456 1176 absolverint.
1491 1117 1535 1175 in·
1587 1102 1589 1105 ⁸

392 1224 489 1284 dicavi
502 1243 555 1300 pp.
572 1224 611 1282 69
629 1224 677 1295 70,
694 1221 777 1281 cuius
791 1220 873 1280 modi
888 1219 980 1280 fiiisse
995 1219 1161 1279 conveniat.
1198 1219 1285 1278 docui
1305 1219 1395 1277 etiam
1415 1218 1535 1278 lacunas

391 1326 508 1403 aliquot
522 1325 573 1384 vix
588 1322 692 1383 dubias
706 1321 872 1382 intervallis
887 1321 960 1381 adeo
980 1320 1153 1397 aequalibus
1168 1320 1332 1392 observari,
1354 1322 1389 1378 ut
1409 1320 1535 1397 paginae

391 1427 502 1487 veteris
522 1425 646 1485 alicuius
665 1424 737 1483 libri
757 1423 941 1483 tricenorum
960 1425 1152 1499 septenorum
1171 1440 1312 1481 versuum
1326 1421 1429 1480 eadem
1442 1425 1535 1497 parte,

391 1531 426 1588 ut
438 1528 557 1604 opinor,
579 1526 736 1599 inferiore,
758 1525 835 1584 male
855 1524 974 1584 habitae
993 1523 1124 1583 librariis
1145 1523 1245 1582 fraudi
1258 1523 1352 1582 fnisse
1365 1523 1534 1586 videantur.

392 1632 533 1706 quattuor
546 1628 664 1706 paginis
679 1627 786 1686 abhinc
801 1621 934 1687 distabat
948 1647 977 1686 v.
992 1628 1062 1698 321,
1079 1626 1205 1685 totidem
1219 1624 1289 1684 inde
1303 1645 1332 1684 v.
1348 1625 1421 1699 470,
1439 1626 1535 1685 tribus

394 1731 463 1791 inde
478 1751 506 1791 v.
514 1730 585 1803 582,
602 1732 745 1806 quattuor
758 1727 829 1787 inde
843 1748 872 1787 v.
885 1731 956 1802 730,
971 1728 1041 1787 inde
1055 1746 1114 1786 una
1131 1730 1207 1803 7673
1224 1726 1381 1803 dequibus
1396 1727 1535 1787 omnibns

392 1833 517 1910 posthae
532 1850 585 1891 suo
599 1831 666 1891 loco
681 1832 793 1907 agetur.

445 1918 448 1925 ⁴
477 1934 511 1994 P.
526 1951 560 1993 vr
575 1929 636 2010 (vv.
653 1933 714 1992 209
729 1931 768 1990 ad
783 1927 857 2009 252)
874 1932 1026 1991 diorthota
1041 1933 1161 2006 praeter
1176 1930 1332 2004 diastolas,
1347 1930 1536 1990 interductus

393 2055 480 2095 omne
494 2054 587 2113 genus
602 2036 633 2093 et
647 2035 761 2093 erectos
777 2033 831 2108 qui
844 2034 1026 2093 antecedunt
1045 2034 1191 2107 punctum
1205 2051 1326 2109 graves,
1348 2032 1420 2091 satis
1435 2031 1536 2091 incon·

393 2140 509 2197 stanter
521 2136 662 2212 pleraque
677 2137 708 2194 et
721 2135 857 2195 fortassis
872 2153 908 2193 ex
923 2133 1049 2193 arbItrio
1064 2135 1286 2206 administrata,
1302 2134 1334 2192 in
1348 2135 1423 2209 ipsis
1437 2134 1536 2193 verbis

393 2258 506 2298 errores
527 2237 617 2310 duos,
638 2256 687 2297 vv.
710 2237 771 2295 217
794 2236 856 2294 224
876 2235 1013 2309 sustulit,
1043 2236 1177 2312 neglexit
1198 2238 1340 2312 quattuor
1361 2236 1436 2295 alios
1456 2236 1537 2310 apud

392 2339 598 2399 Hermannnm
612 2340 747 2413 notatos3
763 2340 831 2396 tum
843 2340 907 2397 tres
922 2356 972 2397 vv.
989 2337 1052 2397 240
1067 2338 1128 2397 246
1145 2338 1215 2409 252,
1232 2356 1358 2414 quorum
1372 2338 1460 2396 unius
1475 2355 1536 2396 cor·

392 2442 486 2502 rectio
500 2440 631 2501 indicata
646 2442 691 2499 est
701 2439 782 2515 apud
792 2439 913 2515 Herm.;
930 2441 1001 2498 sunt
1015 2439 1046 2498 hi
1061 2458 1162 2499 omnes
1177 2440 1302 2498 correcti
1316 2458 1433 2498 amanu
1446 2439 1537 2498 tertia

392 2562 454 2603 non
466 2542 678 2602 recentissima.
707 2541 739 2600 id
749 2541 865 2600 sirecte
877 2540 1027 2614 adnotavi,
1042 2540 1119 2599 nihil
1133 2542 1179 2600 est
1190 2559 1303 2614 causae,
1319 2559 1371 2600 cur
1386 2541 1537 2600 diorthota

392 2663 465 2704 usus
484 2662 548 2702 esse
567 2644 690 2720 putetur
707 2641 766 2701 alio
781 2642 945 2718 exemplari
960 2662 1049 2718 quam
1063 2642 1161 2702 scriba
1180 2643 1275 2717 prior,
1299 2643 1332 2702 in
1351 2642 1536 2701 emendando

392 2744 517 2805 maxime
532 2764 561 2804 v.
577 2745 648 2819 240,
665 2744 745 2820 quod
759 2744 921 2804 notabilius
936 2747 982 2805 est
996 2744 1150 2817 mendum,
1172 2743 1225 2806 δε(
1237 2738 1310 2806 &voi
1317 2788 1326 2823 ,
1341 2746 1373 2803 et
1387 2762 1424 2803 ex
1437 2744 1536 2804 arohe-

392 2850 469 2924 typo
483 2847 610 2906 ascitum
625 2846 745 2905 videtur
759 2846 835 2920 ideo,
852 2846 934 2922 quod
947 2847 1027 2906 redit
1041 2847 1074 2904 in
1088 2846 1152 2906 cod.
1167 2845 1287 2905 Mediol.
1299 2865 1374 2905 saec.
1386 2845 1468 2919 XIII,
1484 2848 1536 2922 qui

392 2968 429 3008 ex
443 2947 643 3007 Laurentiano
657 2966 755 3023 neque
769 2948 852 3006 totus
872 2948 1040 3025 descriptus
1061 2950 1106 3007 est
1125 2966 1223 3023 neque
1237 2948 1292 3008 hac
1306 2948 1453 3024 scriptura
1466 2951 1536 3023 post

392 3069 497 3109 manus
516 3050 624 3109 tertiae
643 3048 855 3108 correctionem
876 3048 967 3108 ditari
986 3050 1094 3126 potuit.
1130 3051 1176 3109 est
1196 3049 1229 3107 in
1242 3048 1289 3109 hIs
1304 3068 1379 3109 saec.
1395 3048 1469 3108 XIII
1483 3052 1536 3108 aut

394 3150 484 3210 XIIII
502 3151 588 3211 libris
609 3151 663 3209 hac
684 3168 802 3226 quoque
822 3151 946 3227 pagina,
967 3153 1003 3209 ut
1022 3150 1179 3210 manifesta
1197 3151 1378 3210 recensionis
1392 3152 1534 3225 noviciae,

393 3271 483 3329 quam
494 3253 654 3328 quaternio
666 3251 780 3326 primus
796 3252 941 3327 sequitur,
957 3251 1081 3329 effigies,
1096 3252 1140 3311 ita
1151 3252 1365 3327 scripturarum
1376 3271 1410 3311 ea
1418 3253 1533 3329 mixtio,

392 3355 427 3412 ut
446 3353 625 3429 ubicumque
643 3371 750 3429 magno
771 3371 895 3411 numero
915 3353 949 3411 in
970 3351 1147 3413 discessione
1168 3351 1399 3412 aLaurentiano
1418 3356 1535 3430 conspi-

391 3456 476 3528 rant,
496 3456 597 3513 tamen
616 3453 787 3513 alternatim
807 3453 919 3530 singuli
940 3455 994 3511 aut
1013 3453 1079 3513 bini
1093 3474 1160 3515 cum
1173 3453 1226 3513 illo
1242 3454 1362 3514 faciant.
1396 3459 1534 3516 accentus

392 3555 516 3631 excipio,
533 3573 606 3632 quos
622 3554 768 3614 doctiores
782 3554 963 3631 aliquotiens
979 3587 1018 3596 -
1041 3556 1125 3615 velut
1140 3556 1201 3614 227
1218 3557 1279 3615 233
1296 3589 1334 3597 -
1350 3555 1438 3618 Laur.
1455 3557 1534 3618 solus

391 3655 491 3716 habet.
531 3655 564 3715 in
582 3658 778 3732 utrorumque
798 3657 967 3733 archetypis
992 3656 1052 3715 fuit
1078 3657 1178 3733 aliqua
1206 3657 1351 3718 variantis
1371 3659 1534 3735 scripturae

393 3757 555 3835 congeries,
570 3757 650 3816 unde
663 3757 696 3816 in
710 3756 799 3817 Laur.
815 3757 989 3817 coaluerunt
1002 3778 1032 3816 v.
1048 3759 1110 3817 218
1126 3757 1200 3817 duae
1219 3758 1383 3836 scripturae
1402 3759 1435 3820 in
1449 3761 1534 3820 codd.

392 3859 466 3918 meis
481 3876 615 3918 seorsum
631 3861 772 3932 servatae,
788 3861 820 3918 et
833 3858 984 3918 alternant
997 3860 1030 3918 In
1044 3859 1218 3919 melioribus
1233 3860 1412 3934 discrimina,
1428 3881 1456 3920 v.
1472 3863 1532 3921 217

392 3958 497 4020 τελεῖν
513 3958 633 4038 λαβεῖν,
649 3961 710 4019 218
725 3957 848 4022 τέκνοις
859 3956 979 4041 τέκνῳ,
1001 3961 1063 4021 220
1078 3962 1265 4036 πρευμενῶς
1279 3962 1456 4043 πρευμενῆ,
1473 3964 1532 4022 241

393 4061 515 4139 ετρατῷ
530 4059 664 4135 esperod
670 4105 680 4140 ‚
701 4060 762 4120 247
783 4057 930 4139 δράμημα
946 4058 1106 4140 δρόμημα,
1122 4061 1194 4122 satis
1210 4061 1365 4122 dissimssia
1379 4064 1438 4138 eis,
1459 4084 1534 4141 quae

392 4161 430 4219 ab
441 4160 673 4236 interpolatione
688 4180 763 4221 saec.
778 4161 852 4221 XIII
866 4164 1027 4223 eorundem
1045 4164 1191 4223 librorum
1204 4163 1337 4239 profecta
1352 4167 1430 4224 sunt.
1467 4185 1534 4225 con-

393 4262 528 4321 sentiunt
548 4261 581 4321 hi
600 4262 670 4321 libri
691 4281 759 4323 cum
780 4263 868 4324 Laur.
888 4265 922 4323 in
942 4265 1092 4340 scriptura
1110 4284 1139 4324 v.
1162 4265 1225 4325 230
1244 4264 1335 4326 κεῖνα
1341 4311 1351 4345 ,
1376 4266 1435 4326 nisi
1455 4267 1533 4327 forte

391 4380 470 4421 unus
484 4361 604 4421 Mediol.
620 4363 711 4422 habet
724 4363 829 4444 reive,
852 4364 933 4441 quod
948 4383 1000 4424 cur
1013 4366 1240 4442 praeferendum
1254 4367 1307 4440 sit,
1329 4367 1447 4443 ignor03
1468 4371 1533 4428 tum

391 4463 423 4522 in
437 4463 537 4539 pravis
553 4463 730 4539 quibusdam
744 4465 914 4526 accentibus
926 4467 1068 4544 vitiisque
1079 4487 1128 4527 vv.
1142 4468 1202 4526 223
1219 4468 1280 4527 228
1296 4468 1357 4527 239
1374 4469 1445 4543 246,
1462 4489 1534 4546 quo·

391 4582 459 4621 rum
474 4582 547 4639 quas
562 4566 658 4624 certas
672 4566 777 4640 putavi
797 4567 1018 4627 emendationes
1033 4569 1141 4644 recepi.
1179 4565 1231 4628 διὰ
1246 4565 1341 4645 χερόε
1356 4565 1467 4632 adroic
1488 4591 1532 4629 re·
