3659 5600
861 508 879 569 7

383 691 619 772 Δαρειογενήε,

382 808 421 873 τὸ
442 810 670 888 πατρωνύμιον
693 810 790 886 γένοε
810 811 981 891 ἡμέτερον

383 926 523 1006 πότερον
545 926 641 1021 τόξου
664 926 747 1009 ῥῦμα
768 930 807 995 τδ
829 935 946 1014 νικῶν,

382 1048 402 1126 ἢ
425 1046 628 1126 δορυκράνου

382 1165 501 1244 λόγχη(
523 1164 610 1244 ἰεχῦε
632 1165 833 1246 κεκράτηκεν.

382 1284 458 1349 ἀλλ’
480 1283 537 1362 ήδε
558 1287 642 1350 θεῶν
664 1283 734 1350 ίεον
757 1284 940 1367 ἀφθαλμοῑε

382 1402 469 1483 φάαε
490 1402 623 1495 ὁρμᾶται
645 1403 745 1481 μήτηρ
768 1375 937 1487 βαειλέωτ,

382 1522 520 1603 βαείλεια
542 1521 576 1585 δ’
598 1521 672 1603 ἐμὴ,
694 1523 893 1601 προιπίτνω·

381 1640 431 1704 καλ
452 1638 693 1721 προεφθόγγαιε
715 1641 751 1705 δὲ
773 1642 878 1719 χρεὼν
901 1642 1001 1721 αὐτὴν

380 1724 502 1824 πάντίιε
524 1758 647 1838 μάθοιει
669 1763 864 1837 προεαυδάν.

380 1978 407 2043 ιῦ
431 1980 624 2060 βαθυζώνων
647 1978 765 2044 ἄνατεα
787 1979 953 2059 Περείδων
975 1978 1151 2061 ὑπερτάτη,
1390 1996 1438 2044 155

378 2102 476 2179 μῆτερ
497 2098 517 2178 ἡ
540 2097 664 2176 Ξέρξου
685 2098 813 2181 γεραιά,
836 2101 942 2182 χαῖρε,
963 2099 1108 2178 Δαρείου
1129 2100 1237 2176 γάναι·

379 2219 456 2280 θεοῦ
477 2215 536 2294 μὲν
558 2214 725 2295 εὐνήτειρα
746 2215 896 2295 Περτιῦν,
919 2221 996 2283 θεοῦ
1018 2219 1054 2283 δέ
1076 2219 1127 2283 καὶ
1148 2219 1247 2298 μήτηρ
1269 2219 1369 2300 ἔφυς,

379 2330 408 2397 εί
428 2353 457 2397 τι
480 2334 521 2413 μὴ
544 2333 666 2413 δαίμων
688 2335 825 2400 παλαιδε
847 2337 907 2401 νῦν
928 2334 1096 2416 μεθέετηκε
1119 2342 1249 2421 ετρατῷ.

517 2467 677 2534 ΑΤΟΕΕΑ

377 2592 475 2654 ταῦτα
497 2588 536 2666 δή
559 2588 687 2653 λιποῦε’
708 2587 807 2655 ἱκάνω
829 2589 1102 2670 χρυεεοετόλμουε
1124 2589 1244 2669 δόμου(

376 2707 486 2772 καὶτὸ
508 2705 652 2785 Δαρείου
674 2727 708 2771 τε
730 2706 832 2787 κάμὸν
854 2709 967 2774 κοινὸν
988 2708 1206 2788 εὐναετήριον.
1388 2721 1437 2770 ιυο

376 2827 426 2892 καί
447 2845 485 2904 με
507 2826 639 2905 καρδίαν
661 2825 787 2905 ἀμύττει
809 2828 960 2907 φροντίς·
989 2823 1023 2892 ἐε
1045 2826 1079 2892 δ’
1099 2825 1180 2908 ῦμῦε
1202 2827 1266 2906 ἐριῦ

375 2950 493 3027 μῦθον,
516 2943 667 3027 αὐδαμιῦε
689 2944 825 3024 ἐμαυτῆε
847 2943 920 3011 οὔτ’
942 2944 1146 3028 ἀδείμαντοε,
1167 2944 1273 3029 φίλοι,

375 3065 416 3144 μή
439 3063 538 3144 μέγα(
560 3064 701 3129 πλοῦτοι
723 3064 849 3129 κονίεαε
871 3064 971 3130 οῦδαε
992 3063 1137 3148 ἀντρέψῃ
1159 3063 1235 3129 ποδί

376 3182 493 3263 ὄλβον,
517 3182 557 3248 ὃν
580 3181 723 3263 Δαρείοε
744 3182 822 3263 ήρεν
844 3182 905 3249 οὐκ
926 3181 1005 3248 ἀνευ
1027 3185 1111 3249 θεῶν
1133 3181 1230 3248 τινόε.

374 3302 475 3366 ταῦτά
496 3322 550 3382 μοι
573 3304 669 3381 διπλῆ
684 3301 827 3381 μέριμνα,
849 3300 965 3380 φράεθ
987 3300 1039 3366 ὅτ’
1061 3300 1154 3379 ἐετλν,
1177 3300 1213 3366 έν
1236 3301 1433 3383 φρεεὶν,“ιδυ

376 3420 452 3497 μήτε
475 3419 613 3499 χρήματ’
635 3418 696 3485 οὖν
717 3418 890 3498 ἀνάνδρων
911 3422 1034 3496 πλῆθοε
1058 3417 1094 3484 ἐν
1115 3424 1187 3502 τιμῇ
1209 3418 1324 3498 εέβειν,

377 3536 453 3616 μήτ’
474 3536 680 3618 ἀχρημάταιει
701 3535 836 3615 λάμπειν
858 3539 947 3620 φῶε,
970 3534 1048 3603 ὅταν
1070 3537 1182 3603 εθένοε
1202 3535 1300 3615 πάρα.

374 3653 437 3718 ἔετι
459 3655 521 3733 γάρ
543 3654 684 3720 πλοῦτάε
706 3654 742 3731 γ’
763 3654 928 3738 ἀμεμφήε,
950 3653 1033 3736 ἀμφὶ
1055 3654 1089 3720 δ’
1110 3652 1292 3734 ὀφθαλμοί(
1311 3652 1417 3733 φόβοε

374 3794 1283 3837 ****************

373 3889 458 3971 ὄμμα
478 3892 540 3970 γὰρ
563 3889 672 3970 δόμων
694 3891 813 3970 νομίζω
835 3890 993 3957 δεεπόταυ
1014 3890 1201 3969 παρουείαν.

372 4010 455 4088 πρὸ(
477 4008 545 4074 τάδ’
568 4007 613 4073 ιίιε
636 4008 741 4074 οὕτω(
762 4008 905 4088 ἐχόντων
923 4012 1038 4087 τῶνδε,
1062 4008 1234 4089 εάμβαυλοι
1257 4007 1357 4083 λόγου
1381 4017 1430 4068 170

373 4127 469 4192 τοῦδέ
490 4147 544 4206 μοι
565 4126 709 4211 γένεεθε,
731 4127 868 4210 Πέρεαι,
890 4127 1033 4207 γηραλέα
1053 4127 1251 4206 πιετάιματα·

373 4245 562 4324 πάνταγὰρ
584 4246 624 4310 τὰ
645 4245 735 4310 κέδν’
757 4245 792 4310 ἐν
815 4244 889 4325 ὑμῖν
912 4244 975 4310 έττί
996 4265 1049 4324 μαι
1072 4243 1281 4325 βουλεύματα.

289 4364 353 4429 ΧΟ.
373 4363 409 4429 εὖ
431 4363 504 4430 τόδ’
525 4364 600 4446 ίτθι,
623 4366 681 4442 γῆ(
704 4362 823 4429 ἄνακτα
843 4366 953 4441 τῆεδε,
976 4364 1017 4442 μή
1039 4381 1072 4427 τε
1093 4363 1141 4427 δίε
1162 4361 1281 4442 φράεαι

371 4483 447 4563 μήτ’
470 4482 549 4548 έποε
571 4482 645 4562 μήτ’
667 4481 764 4561 ἔργον
788 4480 837 4547 ὡν
859 4480 899 4547 ἂν
921 4480 1068 4562 δάναμιε,
1090 4479 1231 4559 ἡγεῑεθαι
1252 4480 1285 4544 θ’
1306 4480 1372 4565 ἕλη.

372 4599 515 4681 εὐμενεῖ(
536 4601 599 4679 γὰρ
621 4598 718 4667 ὄντα(
738 4598 820 4681 ἡμάε
841 4604 945 4665 τιῦνδε
967 4599 1164 4681 ευμβοάλουε
1185 4600 1299 4664 καλεῑε.
1380 4609 1427 4658 175
