3659 5600
940 535 982 596 oo

384 725 513 798 librarii,
536 725 561 784 11
581 724 657 784 bene
676 726 812 798 memini,
833 724 1057 787 insolentiorem
1077 727 1206 802 aliquam
1219 745 1323 786 vocem
1337 727 1529 803 interpretari

386 846 433 898 ea,
455 845 529 902 quae
549 826 650 885 notior
668 827 843 887 antecessit:
869 846 959 903 supra
979 829 1181 904 ascripserunt
1201 823 1403 892 ὑπαντιάζειν
1425 848 1529 890 versus

386 928 457 1000 834,
472 927 518 986 uti
532 947 561 988 v.
574 929 634 987 729
647 925 775 989 adhud(
789 929 973 1004 repetierunt
985 925 1116 1004 ετρατόε
1128 948 1230 989 versus
1246 930 1416 1005 superioria.
1442 931 1529 990 alteri

385 1032 486 1088 tamen
504 1049 534 1088 v.
550 1030 610 1088 875
626 1030 721 1106 magis
737 1028 862 1089 confido.
892 1026 1072 1107 εὐχόμεναι,
1094 1031 1172 1106 quod
1188 1030 1258 1089 libri
1273 1033 1332 1090 mei
1347 1033 1528 1091 vetustiores

385 1149 446 1189 non
459 1129 580 1204 habent,
601 1130 652 1190 sed
668 1127 816 1207 ἐχόμεναι
830 1134 882 1190 111
895 1131 1004 1191 leviter
1017 1132 1230 1207 interpolatum
1244 1127 1429 1208 αὐχόμεναι,
1450 1136 1529 1192 certe

385 1231 472 1290 nihili
486 1233 541 1290 est.
568 1227 737 1308 ἐυχόμεναι
753 1233 898 1308 seriptum
912 1233 967 1293 hac
982 1233 1099 1292 litterae
1115 1252 1133 1293 υ
1148 1234 1249 1305 forma,
1262 1253 1291 1305 v,
1304 1253 1378 1309 quae
1394 1233 1528 1310 frequen·

385 1336 469 1393 tatur
488 1333 604 1419 saeculo
618 1333 691 1403 ΧΠ,
711 1333 744 1391 11
758 1333 831 1409 ipsis
851 1334 972 1394 scholiis
986 1333 1091 1407 baum,
1108 1334 1186 1392 haud
1208 1334 1296 1411 longe
1310 1334 1395 1394 abest
1409 1335 1446 1393 ab
1462 1331 1529 1398 ἐιλλ

386 1436 497 1511 scripto
517 1454 551 1494 ea
570 1434 688 1494 litterae
707 1435 861 1510 utriusque
882 1437 1064 1513 compagine,
1085 1454 1174 1510 quam
1193 1455 1283 1512 supra
1304 1456 1334 1511 p.
1350 1437 1390 1495 58
1406 1455 1530 1496 comme·

386 1537 510 1597 moravi.
540 1535 630 1596 scribi
650 1537 752 1612 potuit
772 1531 966 1611 εἱλλόμεναι,
986 1540 1021 1595 11
1040 1536 1118 1612 apud
1137 1537 1294 1597 Platonem
1314 1542 1361 1596 est
1381 1537 1459 1596 Tim.
1479 1558 1529 1614 pp.

386 1636 473 1711 4013,
490 1640 529 1698 76
542 1636 578 1696 Β.
608 1637 659 1697 111
674 1631 850 1710 ἀπείλλειν,
867 1634 1028 1700 ὑπείλλειν
1043 1642 1090 1698 111
1103 1639 1136 1696 11
1149 1639 1222 1697 loeis
1237 1638 1344 1715 Lysiae
1358 1642 1389 1698 et
1404 1639 1531 1716 tragico·

387 1758 454 1796 rum
469 1739 620 1815 congestis
635 1738 713 1814 apud
727 1739 946 1797 Buttmannum
959 1740 1040 1798 11111.
1055 1760 1085 1815 p.
1103 1740 1162 1799 148
1180 1740 1250 1799 150.

472 1839 561 1899 Ghori
593 1841 811 1917 antistropham
836 1840 1025 1900 Hermannus
1054 1842 1172 1918 egregie
1201 1845 1358 1918 praecepta
1385 1841 1531 1900 librorum

387 1942 534 2018 scriptura
559 1942 732 2017 explicavit,
760 1942 967 2016 intellexitque
988 1942 1052 2001 sine
1077 1942 1168 2001 dubio
1192 1940 1367 2019 νομίεματα
1391 1940 1531 2018 πύργινα

386 2038 492 2103 πάντα
512 2043 568 2116 ita,
589 2044 636 2101 nti
655 2044 761 2118 positis
781 2044 908 2119 virgulis
930 2043 1148 2120 adsignificavi,
1171 2044 1438 2119 quemadmodum
1458 2045 1532 2105 dicit

389 2144 578 2221 Thucydides
602 2140 635 2205 ἐε
656 2139 830 2219 ἀλλοτρίαν
851 2143 971 2223 πᾶεαν,
991 2142 1050 2220 τὴν
1071 2141 1218 2207 ἐναντίαν
1234 2145 1337 2209 πᾶεαν
1352 2142 1447 2217 ὁδόν;
1469 2146 1530 2206 vid.

387 2246 424 2304 ad
441 2248 473 2319 6,
490 2247 545 2318 21,
563 2246 592 2304 2.
622 2246 673 2305 sed
695 2246 737 2304 ita
752 2241 809 2319 ἠδὲ
828 2247 886 2305 erit
905 2246 1104 2319 retinendum,
1127 2266 1193 2305 oum
1208 2243 1485 2324 intermortua
1501 2249 1532 2306 11

387 2343 495 2409 νόετοι
510 2341 555 2419 δέ,
571 2366 618 2406 111
632 2347 763 2420 bellicas,
786 2347 822 2405 de
835 2346 937 2423 legum
951 2349 982 2406 et
995 2365 1112 2407 morum
1126 2348 1315 2408 observantia
1330 2349 1388 2409 dici
1403 2367 1466 2407 non
1479 2367 1531 2424 po-

386 2450 494 2509 tuerit:
515 2444 689 2524 vopicpow
709 2444 862 2527 πύργιναξ
877 2449 1063 2509 nominativo
1079 2467 1156 2522 casu,
1177 2453 1247 2510 sunt
1262 2471 1335 2527 quae
1349 2451 1532 2510 exercituum

388 2570 508 2610 cursum
523 2550 706 2609 direxerunt.
735 2552 768 2609 in
783 2552 906 2627 stropha
922 2551 1049 2610 secunda
1063 2552 1246 2628 suppleveris
1261 2547 1381 2627 ἄνδρα(
1396 2548 1447 2626 ἐες
1469 2552 1532 2611 sive

386 2653 485 2729 placet
501 2671 568 2710 cum
579 2651 728 2711 Meinekio
743 2648 851 2729 πάλιν,
865 2647 946 2724 ἆγον
962 2652 999 2711 11
1010 2653 1136 2712 eundem
1150 2654 1361 2726 accusativum,
1378 2648 1531 2729 ετρατιάε,

388 2753 507 2814 referes.
552 2754 692 2829 strophae
718 2753 862 2813 secundae
884 2755 975 2813 tertia
995 2755 1114 2833 egregia
1137 2754 1301 2814 Hermanni
1326 2755 1532 2815 emendatione

387 2859 516 2915 metrum
543 2855 693 2931 expletum
722 2858 782 2928 111,
813 2856 979 2932 opitulante
1005 2851 1215 2936 κωλογραφίᾳ
1241 2857 1376 2916 codicum
1399 2876 1533 2917 meorum

387 2959 494 3032 trium3
516 2975 586 3015 nam
606 2956 694 3015 Laur.
716 2961 746 3016 et
764 2957 872 3033 reliqui
891 2959 947 3018 hae
965 2962 1050 3033 parte
1073 2956 1163 3017 fidem
1177 2958 1296 3017 fallunt.
1325 2958 1532 3035 interpretatio

387 3058 467 3118 haud
483 3057 615 3117 difficilis
630 3057 764 3131 videtur,
786 3059 811 3117 si
826 3059 945 3134 quidem
960 3078 994 3118 ea
1007 3059 1086 3132 loca,
1107 3059 1195 3118 urbes
1211 3059 1276 3118 Eon
1291 3059 1443 3136 Myroinus
1457 3059 1532 3118 Pha·

387 3179 470 3237 gres,
494 3179 511 3217 a
529 3158 675 3219 Strabone
696 3163 940 3220 commemoratae
959 3181 989 3235 p.
1004 3161 1080 3233 331,
1101 3160 1138 3217 ad
1153 3159 1344 3236 Strymonem
1359 3164 1390 3220 et
1403 3163 1533 3221 minores

389 3262 463 3321 duos
478 3261 584 3321 fluvios
600 3261 691 3333 sitae,
712 3261 795 3320 lacus
809 3260 928 3321 Prasias
943 3264 974 3320 et
988 3280 1077 3337 supra
1091 3281 1158 3319 eum
1172 3260 1338 3321 Drabesous
1352 3263 1424 3322 urbs
1438 3264 1471 3321 in
1485 3282 1532 3322 ex·

389 3363 552 3439 peditione‚
574 3363 600 3422 si
615 3362 695 3422 credi
709 3362 780 3421 lieet
794 3362 969 3422 scholiastae
983 3362 1139 3422 Aeschinis
1160 3383 1189 3438 p.
1206 3364 1255 3434 29,
1274 3364 1322 3436 15,
1344 3367 1449 3439 quarto
1463 3366 1533 3422 ante

391 3465 579 3525 commissam
593 3465 669 3524 hane
684 3463 815 3522 fabulam
829 3482 908 3522 anno
924 3467 1068 3539 suscepta,
1078 3463 1312 3524 Atheniensibus
1327 3466 1532 3524 innotuenmt.

472 3565 507 3624 P.
523 3584 574 3623 xxi
596 3563 735 3641 (11876
758 3566 796 3623 11
818 3565 892 3643 920)
915 3567 1064 3640 scriptura
1083 3569 1129 3625 est
1150 3566 1237 3625 solito
1257 3566 1306 3625 vel
1325 3566 1532 3642 negligentior.

388 3669 564 3726 manserunt
578 3666 687 3725 menda
700 3685 864 3742 numquam
879 3669 1011 3726 correcta
1025 3686 1054 3725 π.
1072 3668 1132 3727 897
1149 3662 1296 3729 ἐυκταιάν
1312 3668 1374 3726 914
1388 3665 1447 3739 τῆν
1462 3662 1532 3729 vb':

389 3769 487 3845 prima
504 3787 611 3826 manus
626 3768 753 3827 correxit
772 3769 835 3828 880
852 3764 1045 3844 προεήμεν...
1064 3768 1122 3826 891
1142 3762 1189 3827 ἰδὲ
1206 3768 1267 3827 895
1280 3766 1453 3844 τροπολεῑ(
1471 3769 1531 3826 911

390 3865 535 3947 φρόλωε.
579 3870 715 3945 strophae
736 3869 854 3946 signum
874 3869 954 3928 idem
975 3869 1054 3944 quod
1075 3869 1225 3945 superiore
1239 3869 1350 3946 pagina
1365 3868 1534 3943 adpositum

391 3989 546 4047 perperam
569 3970 668 4029 versui
686 3971 757 4029 899.
793 3990 898 4029 manus
921 3969 1049 4030 secunda
1067 3970 1099 4027 in
1121 3972 1267 4045 quattuor
1287 3970 1452 4046 primorum
1468 3990 1533 4030 ver·

391 4092 486 4144 suum,
503 4070 582 4147 quod
602 4089 726 4130 vacuum
746 4071 893 4143 relictum,
914 4072 1010 4147 spatio
1031 4072 1206 4148 perscripsit
1226 4066 1266 4131 οὐ
1282 4066 1392 4143 λείπει,
1413 4090 1534 4131 versum

389 4173 516 4250 paginae
527 4175 717 4248 postremum,
726 4173 777 4248 qui
787 4176 858 4245 erat,
870 4173 961 4231 erasit
971 4171 1130 4248 eademque
1139 4172 1232 4231 verba
1243 4172 1377 4248 proximo
1389 4173 1534 4248 superiori

389 4275 564 4349 adscripsit3
589 4273 701 4333 octiens
722 4272 852 4349 syllabas
873 4276 925 4331 aut
944 4273 1059 4332 litteras
1075 4273 1214 4331 evanidas
1229 4273 1422 4347 instauravit;
1444 4272 1536 4332 inter·

389 4376 584 4452 punctionem
599 4376 806 4450 praeterquam
819 4373 893 4433 locis
909 4374 1039 4450 quinque
1054 4375 1210 4449 supplevit
1227 4376 1358 4433 ceterum
1372 4392 1477 4433 versus
1492 4374 1537 4433 vi·

391 4476 470 4554 giuti
486 4474 684 4552 quadraginta
695 4474 926 4535 correctionibus
938 4475 1088 4548 iustruxit,
1102 4475 1353 4535 nulloverborum
1365 4474 1536 4535 disonmine

388 4577 448 4637 nisi
466 4577 537 4648 879,
548 4575 600 4634 ubi
627 4576 706 4651 quod
721 4576 818 4651 prima
833 4594 938 4634 manus
955 4575 1075 4635 dederat
1089 4570 1236 4649 νά(οιεθ’,
1253 4576 1465 4651 propemodum
1480 4570 1536 4636 νά-
