3659 5600
701 1729 1032 1804 PRAEFATIO.

382 1996 500 2080 Sextus
522 2037 625 2079 annus
653 2015 788 2099 septimo
816 2016 947 2100 propior
968 2018 1088 2103 agitur,
1116 2040 1155 2081 ex
1182 2040 1244 2102 quo
1272 2019 1438 2084 Itineribus

297 2133 417 2198 Italicis
445 2132 582 2217 duobus,
616 2155 750 2217 quorum
778 2133 934 2219 longioris
960 2157 1133 2219 numquam
1161 2136 1244 2220 apud
1270 2158 1322 2200 me
1348 2140 1440 2221 grata

298 2255 330 2316 et
350 2253 405 2336 pia
418 2252 571 2316 memoria
586 2252 762 2335 abolescet,
784 2253 894 2337 magni
914 2257 1028 2337 poetae
1045 2253 1145 2318 libros
1160 2253 1295 2337 scriptos
1310 2254 1440 2319 investi·

297 2371 371 2455 gavi
399 2374 432 2434 et
457 2371 493 2435 in
519 2370 697 2434 iudicandis
718 2372 864 2454 tempora
890 2372 1055 2436 subseciva
1075 2372 1184 2456 posui:
1219 2372 1347 2456 tertius,
1376 2395 1438 2457 quo

298 2489 336 2552 de
357 2490 520 2572 utriusque
535 2510 651 2573 operae
673 2489 865 2572 rationibus,
887 2491 943 2553 aut
958 2489 1061 2572 siquid
1082 2493 1212 2574 propter
1233 2491 1332 2574 viam,
1356 2492 1439 2574 quod

298 2606 487 2686 intercidere
509 2607 645 2689 nollem,
669 2606 812 2670 oblatum
835 2609 933 2689 esset,
962 2629 1034 2671 cum
1056 2608 1166 2672 amicis
1188 2629 1281 2692 agere
1303 2610 1437 2673 institui.

225 2819 228 2822 X
297 2725 398 2789 nolim
413 2742 565 2809 umquam
580 2727 620 2789 ab
643 2725 703 2789 hac
724 2725 919 2789 iucunditate
935 2725 1102 2811 dimoveri,
1126 2726 1210 2809 quod
1232 2727 1300 2790 fieri
1314 2730 1440 2812 poterat

297 2844 358 2908 hoc
388 2866 489 2928 anno,
519 2846 546 2908 si
567 2847 671 2909 ratum
699 2844 813 2908 fuisset
838 2844 1008 2909 consilium
1035 2844 1073 2907 de
1103 2844 1232 2908 edendis
1262 2846 1323 2928 eis,
1358 2868 1438 2929 quae

298 2961 336 3025 de
362 2961 477 3025 tetrico
509 2983 626 3046 genere
659 2963 860 3027 adcumulata
889 2965 984 3046 atque
1014 2962 1086 3027 usui
1119 2962 1247 3047 publico
1281 2964 1439 3029 destinata

225 3091 228 3100 '
298 3082 383 3147 sunt.
434 3102 543 3144 mense
576 3080 663 3145 Maio
696 3081 918 3165 apographum
952 3081 1069 3145 codicis
1101 3080 1322 3165 Laurentiani,
1356 3084 1439 3167 quod

298 3197 512 3281 confeceram,
528 3198 686 3264 Oxoniam
697 3199 873 3281 transmisi,
890 3220 962 3262 cum
972 3199 1121 3283 religiose
1133 3199 1246 3264 edendi
1257 3208 1439 3285 promptam

297 3314 435 3379 virorum
449 3317 679 3399 perillustrium
693 3319 890 3382 voluntatem
904 3316 1151 3401 perspexissem:
1182 3318 1294 3401 ecquid
1314 3323 1440 3402 praeter

297 3432 394 3497 ferias
406 3433 576 3498 sollemnes
588 3437 621 3498 et
633 3437 797 3518 typorum,
812 3438 848 3498 ut
860 3434 964 3518 audi0,
979 3434 1230 3500 adcurandorum
1242 3436 1439 3522 diligentiam

297 3572 420 3615 moram
441 3552 613 3616 novissime
634 3553 759 3636 fecerit,
782 3553 910 3638 ignoro,
934 3552 1000 3616 scio
1017 3554 1102 3636 apud
1124 3576 1174 3618 me
1195 3555 1336 3638 pauxillo
1357 3555 1439 3620 istoc

299 3669 383 3751 quod
406 3672 455 3733 est
477 3670 534 3733 otii
556 3674 589 3734 et
610 3672 773 3736 oculorum
788 3672 908 3756 vigoris
931 3671 970 3735 de
991 3671 1099 3735 nimiis
1122 3672 1336 3736 celeritatibus
1359 3674 1437 3737 satis

203 3867 206 3870 ¹
298 3788 460 3870 provisum
481 3787 590 3856 fuisse.
635 3789 763 3853 alterius
785 3789 818 3853 id
839 3811 940 3874 genus
962 3789 1067 3873 operis
1090 3790 1268 3872 exordium,
1290 3790 1437 3875 plagulas

298 3905 437 3989 quinque
451 3906 589 3990 priores,
612 3907 721 3971 amicis
736 3929 819 3971 anno
835 3908 995 3991 superiore
1010 3907 1125 3991 obtuli,
1141 3907 1320 3991 cogitabam
1333 3909 1439 3992 proxi-

298 4045 365 4087 mas
399 4024 517 4087 dudum
550 4026 747 4109 conscriptas
779 4025 910 4109 viginti,
944 4027 999 4088 aut
1033 4025 1117 4109 quod
1151 4026 1302 4109 excurrit,
1339 4026 1438 4091 hoece

299 4141 430 4206 adicere.
480 4142 644 4227 displicuit
670 4143 814 4208 condicio
841 4143 1018 4229 impensae3
1052 4143 1148 4207 statui
1179 4144 1274 4226 paulo
1302 4145 1438 4229 amplius

298 4260 460 4339 volumen,
476 4283 593 4344 suppar
605 4261 795 4344 Oxoniensi,
811 4261 908 4324 trium
923 4261 1064 4345 priorum
1078 4261 1256 4325 fabularum
1273 4262 1437 4346 ademare,

299 4380 463 4461 expectare
486 4379 560 4442 dum
582 4379 774 4462 inveniatur,
798 4380 853 4462 qui
873 4379 1035 4462 publicare
1057 4385 1197 4443 animum
1218 4380 1357 4445 inducat.

382 4495 468 4560 Dum
489 4497 524 4560 in
546 4496 741 4561 excutiendis
763 4500 796 4560 et
822 4496 1003 4581 digerendis
1032 4497 1131 4581 copiis
1153 4497 1232 4562 meis
1254 4519 1353 4583 pergo
1381 4499 1438 4563 im·

298 4615 405 4699 pigre,
430 4615 513 4698 quod
534 4615 597 4679 nisi
618 4617 733 4680 faciam
754 4636 844 4699 spem
858 4615 1005 4700 intelligo
1027 4637 1096 4680 esse
1117 4616 1238 4680 nullam
1259 4617 1438 4700 persolven-

1270 4717 1288 4757 a
