3659 5600
868 511 1058 555 ...Χ-

388 662 564 745 inchoavit,
587 661 833 727 CCCCLXXVI
854 662 985 726 Leontis
1007 663 1120 727 habuit
1138 663 1313 746 Phrynichi
1327 662 1530 746 Phoenissas,

389 802 468 865 quae
480 779 787 846 CCCCLXXXXIII
803 782 947 860 Μιλήτου
962 781 1091 865 ἅλωειν,
1107 779 1292 846 CCCCLXI
1305 779 1531 864 Hippothoon·

387 899 430 963 tis
445 897 597 981 Aeschyli
617 898 811 982 Eleusinios,
836 898 1079 965 CCCCLXVIII
1101 898 1268 982 Sophoclis
1289 898 1530 982 Triptolemum,

388 1017 506 1102 Aegeis
529 1016 594 1080 suis
616 1016 709 1080 annis
731 1017 882 1099 Aeschyli
905 1020 938 1081 et
959 1016 1126 1100 Sophoclis
1150 1015 1364 1100 Oedipodeas,
1393 1020 1529 1100 suntque

389 1156 469 1219 quae
496 1135 531 1198 in
558 1134 644 1198 hunc
671 1134 801 1201 modum
827 1136 944 1199 tradita
971 1135 1124 1199 habemus
1151 1135 1190 1198 de
1218 1134 1344 1219 magnis
1366 1134 1530 1217 Dionysiis

389 1253 497 1317 omnia
524 1252 716 1337 accipienda.
759 1274 798 1316 ex
826 1253 870 1316 eis
895 1253 1042 1318 tribubus
1064 1253 1141 1316 anni
1162 1252 1311 1317 Menonis
1339 1252 1427 1337 optio
1455 1275 1530 1318 con-

388 1372 507 1436 iectura
528 1371 674 1436 facienda
695 1373 744 1434 est
770 1370 944 1436 secundum
964 1371 1087 1435 fabulas
1109 1371 1275 1455 trilogiae,
1302 1393 1381 1454 quas
1409 1372 1532 1436 scilicet

389 1489 620 1554 accommodari
641 1489 739 1552 tribui
760 1490 817 1553 uni
831 1490 929 1553 moris
952 1492 1027 1554 erat.
1064 1490 1104 1553 In
1118 1489 1223 1553 Persis
1245 1489 1326 1553 nihil
1341 1493 1390 1553 est
1411 1489 1530 1574 indicii,

388 1608 451 1672 nisi
478 1608 561 1672 forte
595 1607 665 1690 quis
693 1608 829 1671 coniciet
856 1607 1051 1691 Aeschylum
1079 1607 1221 1672 Cimonis
1255 1607 1442 1692 choragium
1470 1608 1531 1672 sibi

390 1747 548 1810 sperasse,
587 1726 641 1809 qui
674 1729 741 1790 1111
775 1725 913 1790 Oeneide
947 1725 1048 1808 tribu,
1087 1728 1123 1788 ut
1155 1725 1356 1809 Phrynichus
1391 1726 1530 1791 creditur

389 1845 493 1929 egisse
515 1866 587 1908 cum
608 1843 836 1928 Themistocle,
865 1844 951 1927 quod
971 1844 1121 1907 frivolum
1148 1842 1247 1927 foret,
1274 1844 1337 1908 11111
1364 1843 1448 1908 forte
1470 1844 1532 1907 alia

388 1961 522 2045 posthac
542 1961 702 2026 accedent.
735 1962 906 2026 videndum
928 1961 1026 2047 igitur
1040 1962 1079 2026 de
1093 1962 1222 2046 reliquis
1243 1961 1375 2045 fabulis,
1398 1984 1531 2045 quarum

388 2079 529 2144 Phineus
558 2079 820 2163 disceptationem
849 2081 951 2144 multo
985 2081 1220 2166 diligentiorem
1248 2080 1402 2164 admittit,
1436 2103 1531 2164 quam

388 2197 468 2262 mihi
484 2198 685 2263 commodum
700 2201 748 2263 est
767 2198 872 2263 ordiri.
906 2198 1094 2264 crediderim
1109 2220 1181 2263 cum
1196 2198 1382 2282 Welckero,
1398 2200 1530 2283 Apollo·

389 2316 480 2380 nium
508 2316 543 2379 in
570 2338 607 2380 ea
634 2317 742 2382 fabula
763 2316 949 2399 Aeschyleis
977 2316 1100 2381 laciniis
1129 2317 1311 2381 exornanda
1338 2337 1406 2381 non
1432 2317 1530 2382 fuisse

390 2434 561 2499 infelicem.
598 2433 676 2499 facit
697 2456 769 2499 eum
784 2433 1107 2521 Salmydessi'regem
1123 2435 1312 2519 praestolari
1326 2436 1530 2520 Argonautas

388 2552 423 2615 in
450 2552 528 2636 ipsis
555 2538 672 2616 finibus
699 2553 791 2639 regni
818 2553 867 2617 sui
897 2552 1009 2638 (schol.
1035 2577 1067 2637 p.
1090 2554 1167 2638 399,
1197 2553 1250 2637 19)
1279 2553 1319 2617 11
1340 2553 1531 2638 Bosporum,

388 2691 448 2734 1111
470 2671 570 2734 multa
596 2670 694 2735 habet
720 2671 754 2733 in
783 2670 966 2756 effingenda
989 2692 1025 2735 11
1053 2693 1205 2755 persona,
1235 2693 1314 2755 quae
1336 2671 1531 2755 Aeschylum

390 2788 570 2854 dedeceant.
614 2788 756 2853 fabulam
784 2788 822 2853 de
849 2787 945 2853 Idaea
971 2793 1004 2854 et
1025 2789 1213 2874 Cleopatrae
1239 2790 1408 2875 progenie,
1437 2813 1532 2875 quam

390 2906 565 2991 Sophocles
592 2910 775 2991 persecutus
804 2910 852 2972 111
881 2907 994 2991 (schol.
1022 2931 1053 2991 p.
1082 2909 1159 2987 399,
1190 2907 1239 2993 9),
1273 2911 1374 2972 totam
1401 2909 1532 2993 insuper

389 3024 515 3109 habuit,
544 3048 647 3110 neque
673 3027 739 3090 ulla
766 3029 815 3090 111
843 3047 952 3108 causa,
985 3048 1048 3109 qua
1073 3024 1267 3108 Aeschylum
1294 3029 1442 3109 putemus
1470 3027 1531 3094 hac

389 3147 479 3228 parte
506 3145 546 3208 ad
573 3167 623 3209 res
652 3144 777 3208 Atticas
810 3144 920 3208 drama
947 3165 1038 3208 suum
1070 3143 1274 3228 adplicuisse,
1305 3146 1530 3230 pertinuitque,

388 3265 425 3326 ut
450 3266 545 3346 put0,
581 3262 745 3345 Orithyiae
778 3265 810 3326 11
836 3261 1052 3326 Β111111111111
1079 3261 1186 3325 fabula
1219 3261 1257 3325 ad
1286 3261 1531 3327 llrechtheidem

388 3381 517 3446 tribum.
576 3384 711 3464 possunt
746 3381 845 3465 igitur
876 3381 1083 3465 Argonautae
1118 3402 1192 3463 pars
1228 3380 1381 3464 primaria
1416 3379 1531 3446 Phinei

389 3499 560 3583 Aeschylei
586 3500 700 3578 1111111,
733 3499 817 3582 quod
844 3499 889 3562 111
918 3498 1128 3581 probabilius,
1162 3499 1189 3562 si
1216 3500 1346 3563 fuerunt
1373 3498 1469 3563 etiam
1496 3500 1531 3564 in

388 3618 484 3682 tertio
498 3618 645 3702 trilogiae
660 3616 817 3699 dramate,
841 3617 915 3680 etsi
937 3638 1017 3699 quae
1038 3617 1073 3680 in
1088 3616 1192 3680 medio
1208 3621 1314 3681 vetera
1336 3617 1485 3682 vaticinia
1499 3641 1529 3683 1.

391 3737 453 3801 739
468 3737 769 3818 commemorantur,
793 3735 877 3818 quod
898 3735 1108 3819 interpretum
1123 3736 1265 3798 omnium
1284 3734 1348 3799 fuit
1368 3735 1531 3820 iudicium,

388 3853 502 3917 Phinei
530 3854 570 3917 ad
592 3856 797 3939 Argonautas
826 3854 920 3917 effata
948 3853 1045 3917 fuisse
1066 3856 1226 3937 putentur.
1272 3855 1531 3939 Argonautarum

388 3972 542 4036 memoria
555 3972 645 4035 nullo
661 3971 756 4035 modo
771 3971 915 4034 tribubus
931 3971 1134 4034 Acamantidi
1148 3973 1202 4034 aut
1217 3970 1384 4054 Cecropidi
1399 3972 1531 4036 attribui

388 4111 483 4173 posse
510 4090 647 4172 videtur,
680 4110 811 4173 quarum
844 4088 943 4151 altera
974 4088 1097 4151 fabulas
1124 4087 1307 4169 Cretenses,
1340 4087 1528 4173 Phaedram,

389 4207 579 4291 Cephalum,
608 4206 765 4290 Minoem,
795 4204 984 4289 Odysseam,
1013 4204 1261 4287 Phaethontem,
1294 4202 1530 4289 Prometheum,

390 4326 489 4389 altera
508 4324 701 4409 Oedipodiae
723 4327 861 4407 partem,
884 4323 1097 4404 Oenomaum,
1119 4323 1313 4403 Amazones,
1335 4320 1529 4407 Eurysacen,

389 4442 580 4526 Daedalum,
602 4442 726 4506 fabulas
741 4441 894 4506 Troianas
916 4440 1069 4523 plurimas
1090 4438 1201 4502 habuit
1221 4439 1382 4523 proprias:
1416 4439 1530 4506 Oenei-

390 4560 462 4624 dem
488 4563 594 4624 autem
621 4561 824 4645 Argonautas
851 4557 1022 4641 plurimos,
1051 4557 1111 4620 etsi
1137 4578 1204 4621 non
1232 4557 1391 4643 integram
1419 4581 1528 4625 eorum
