3659 5600
970 504 1011 567 36

405 695 474 754 stris
496 713 569 753 saec.
590 693 663 766 XII,
682 693 770 766 XIII,
791 693 889 752 XIIII.
932 695 1060 753 alterum
1079 695 1169 769 paulo
1190 699 1234 754 est
1251 695 1366 753 altioris
1387 695 1544 771 indaginis

403 815 476 854 num
489 814 608 854 necesse
623 794 663 853 eit
673 795 937 871 interpolationem
949 815 1023 856 saec.
1037 795 1103 868 XII,
1120 815 1196 873 quae
1207 796 1378 855 dominatur
1391 797 1423 854 in
1437 816 1546 873 magna

404 897 491 956 huius
506 897 624 955 fabulae
638 899 737 972 parte,
753 897 885 972 exempla
900 897 1001 955 omnia
1019 898 1091 956 adeo
1106 898 1264 971 insedisse,
1285 900 1320 956 ut
1334 898 1486 975 antiquius
1501 898 1544 956 ni-

403 999 446 1057 hil
461 999 493 1057 in
506 998 722 1057 recentioribus
736 999 911 1073 perstiterit.
946 999 998 1059 sed
1012 999 1087 1058 illud
1101 1000 1214 1075 ipsum,
1227 1002 1299 1057 tam
1318 1018 1430 1058 novum
1445 1018 1544 1076 quam,

403 1103 437 1159 ut
457 1103 545 1175 puto,
567 1101 811 1171 consentaneum,
833 1100 869 1159 de
885 1101 1060 1159 auctoritate
1081 1101 1215 1160 codicum
1236 1120 1311 1160 saec.
1326 1100 1400 1160 XIII
1421 1104 1486 1174 aut,
1507 1102 1544 1160 si·

404 1203 521 1277 quando
537 1200 627 1260 fidem
641 1200 673 1258 hi
687 1202 805 1277 egregie
820 1201 939 1274 fallant,
961 1202 1051 1260 etiam
1064 1204 1276 1276 posteriorum,
1294 1214 1399 1278 operae
1414 1204 1544 1277 pretium

401 1305 499 1362 visum
514 1305 559 1362 est
573 1302 713 1376 experiri,
737 1320 825 1378 quem
845 1322 933 1362 usum
951 1302 1074 1362 haberet
1088 1304 1125 1362 ad
1139 1303 1358 1380 redarguendas
1373 1306 1425 1362 aut
1439 1303 1544 1362 confir-

402 1405 526 1463 mandae
547 1423 597 1463 eas
614 1405 792 1478 scripturas,
809 1404 917 1480 quibus
931 1403 1132 1463 Laurentiano
1153 1404 1291 1481 obrogari
1311 1406 1462 1482 hucusque
1477 1425 1543 1465 con·

403 1507 510 1566 suevit.
547 1506 690 1564 adornavi
710 1505 891 1580 exemplum,
914 1505 995 1582 quod
1009 1505 1120 1582 ubique
1140 1509 1192 1565 aut
1205 1506 1437 1566 Laurentianum
1458 1527 1476 1566 a
1496 1527 1543 1566 me

402 1607 636 1684 pervestigatum
656 1609 708 1665 aut
726 1607 864 1667 idoneum
883 1607 1006 1684 aliquod
1026 1626 1159 1666 meorum
1186 1608 1320 1667 codicum
1339 1609 1544 1668 testimonium

402 1712 454 1768 aut
474 1708 693 1768 emendationes
713 1727 775 1767 non
803 1709 906 1768 dubiae
927 1710 1088 1768 exhiberet.
1127 1712 1286 1785 postquam
1306 1710 1392 1770 edere
1411 1710 1543 1769 animum

399 1811 511 1883 induxi,
528 1810 704 1870 coniecturis
720 1809 871 1885 aliquanto
886 1810 998 1870 indulsi
1011 1811 1164 1884 licentiae,
1182 1831 1219 1871 ne
1235 1811 1351 1871 delectu
1365 1811 1443 1871 iacto
1457 1814 1542 1888 puta·

398 1931 448 1971 rer
462 1911 538 1972 velle
552 1911 639 1987 plura
653 1912 823 1971 emendasse
838 1911 934 1972 videri
949 1931 1038 1987 quam
1052 1912 1111 1973 viri
1125 1913 1248 1986 summi,
1265 1931 1391 1988 quorum
1406 1912 1541 1988 exemplo

398 2014 469 2073 haec
484 2013 582 2073 studia
595 2017 747 2090 reguntur.

482 2115 610 2192 Paginas
629 2114 758 2174 indicavi
778 2114 887 2173 codicis
902 2114 1007 2189 Laur,
1031 2134 1089 2190 quo
1110 2115 1227 2174 facilius
1248 2134 1323 2191 quae
1346 2116 1381 2175 de
1401 2134 1436 2175 eo
1451 2115 1541 2174 adno-

398 2217 460 2276 tavi
476 2235 543 2275 cum
563 2216 749 2293 apographo,
770 2215 849 2290 quod
869 2216 1044 2291 propediem
1063 2218 1241 2292 impressum
1261 2217 1299 2275 iri
1319 2235 1421 2291 spero,
1445 2216 1541 2275 confe-

398 2321 513 2377 rantur.
546 2336 684 2377 numeros
705 2335 845 2375 versuum
861 2317 1022 2392 tantisper,
1044 2318 1115 2375 dum
1136 2318 1173 2376 de
1192 2337 1224 2375 re
1242 2318 1366 2376 metrica
1379 2319 1467 2393 paulo
1482 2338 1541 2376 me·

398 2419 458 2478 lius
473 2419 635 2491 constabit,
657 2417 798 2494 usurpavi
817 2416 1033 2491 Porsenianos,
1056 2419 1107 2494 qui
1128 2438 1194 2478 eum
1214 2418 1313 2478 codice
1333 2419 1386 2478 illo
1407 2419 1541 2494 proxime

397 2521 585 2580 conveniunt.
1156 2504 1162 2517 ’

481 2620 595 2698 Pagina
615 2639 628 2678 1
650 2619 711 2698 (vv.
729 2623 744 2678 1
762 2621 799 2679 ad
815 2618 877 2698 31).
914 2625 1087 2698 anapaestos
1108 2622 1163 2681 hos
1183 2625 1301 2698 praeter
1321 2642 1370 2682 vv.
1389 2624 1426 2679 17
1445 2624 1483 2681 18
1502 2624 1538 2681 19

399 2723 562 2797 descriptos
586 2723 654 2781 dedi
679 2725 768 2798 prout
790 2725 861 2781 sunt
879 2723 911 2781 in
925 2722 1028 2796 Lana,
1050 2725 1132 2783 cuius
1153 2724 1185 2782 in
1205 2723 1362 2798 scripturis
1382 2724 1541 2802 perexigua

397 2827 476 2884 esta
496 2825 710 2884 vetustioribus
732 2824 805 2883 meis
827 2825 1011 2884 saeculorum
1024 2825 1098 2884 XIII
1113 2828 1143 2884 et
1157 2826 1247 2885 XIIII
1266 2826 1352 2887 libris
1372 2827 1538 2886 diversitas.

398 2926 589 2985 consentiunt
603 2929 722 2985 tantum
732 2944 793 2984 non
808 2944 908 2985 ornnes
920 2926 952 2985 in
966 2927 1087 3002 ineptiis
1098 2928 1178 2987 vv.2
1195 2929 1224 3001 6,
1241 2928 1356 2987 mendis
1371 2948 1420 2989 vv.
1435 2930 1473 2987 18
1489 2929 1539 3000 22,

396 3026 429 3085 in
441 3021 558 3102 οἴχωκε
577 3028 631 3100 13,
653 3022 805 3106 Κίεεινον,
821 3027 900 3103 quod
914 3028 1000 3088 valde
1015 3028 1147 3101 dubium,
1166 3030 1214 3102 17,
1229 3029 1261 3087 in
1276 3024 1475 3105 Ἐκβατάνων
1490 3032 1538 3103 16,

398 3129 478 3203 quod
492 3129 524 3187 in
537 3128 631 3187 altero
643 3124 838 3205 quaternione
849 3129 959 3205 ubique
974 3133 1021 3189 est
1035 3126 1220 3206 Ἀγβάτανα.
1251 3130 1408 3190 discedunt
1423 3131 1538 3189 aLaur.

397 3247 499 3289 omnes
513 3230 545 3288 in
559 3232 682 3304 recepta
695 3250 745 3290 vv.
761 3232 779 3290 9
796 3232 834 3289 31
852 3232 1000 3306 scriptura
1015 3234 1045 3290 et
1059 3231 1091 3290 in
1105 3232 1276 3292 discrimine
1290 3252 1319 3290 v.
1334 3227 1538 3310 1011111111,

398 3324 542 3405 doceret
558 3330 620 3390 sive
637 3326 791 3407 ὁρωπολ,
809 3350 898 3407 quam
912 3351 973 3391 non
987 3351 1050 3393 1111
1065 3333 1326 3409 interpolationem
1341 3333 1450 3393 saeculi
1464 3334 1539 3392 XIII

397 3430 498 3490 docuit
511 3430 679 3491 Lobeckius
693 3431 808 3507 pathol.
821 3434 858 3491 11.
874 3452 905 3508 p.
922 3434 993 3492 511.
1023 3435 1154 3493 notabile
1169 3438 1330 3510 utcumque
1345 3435 1438 3494 estin
1453 3434 1536 3495 codd.

397 3533 574 3608 quibusdam
596 3552 670 3592 saec.
686 3532 760 3591 XlII
781 3533 963 3609 deprehendi
982 3536 1089 3594 menda
1109 3537 1167 3595 duo
1189 3537 1300 3596 scribae
1319 3535 1408 3595 Laur.
1424 3556 1441 3595 a
1462 3536 1538 3595 dior·

395 3634 482 3692 thota
496 3637 652 3710 expuncta.
690 3635 851 3711 scripturae
871 3632 964 3697 utcrd
982 3632 1093 3711 ὤχωκε
1109 3633 1280 3713 εὐτλήμονι
1295 3639 1313 3695 2
1331 3640 1370 3697 13
1387 3638 1492 3697 2811111
1506 3638 1538 3695 in

396 3735 522 3812 singulis
538 3739 589 3794 aut
603 3737 682 3795 binis
701 3755 776 3796 saec.
791 3737 881 3796 XIIII
901 3740 1019 3797 extant:
1043 3758 1168 3814 quarum
1189 3743 1341 3814 postrema
1361 3759 1413 3798 cur
1432 3740 1538 3799 admit-

396 3836 487 3895 tenda
502 3840 589 3909 esset,
605 3856 666 3896 non
680 3837 893 3914 intelligebam.
923 3839 1012 3898 Laur.
1028 3840 1091 3915 ipse
1105 3844 1136 3900 et
1148 3842 1327 3900 vetustiores
1344 3842 1402 3900 mei
1416 3841 1536 3902 Medici.

395 3936 470 3996 Ven.
487 3937 584 3998 Vatic.
599 3938 715 4014 liquido
730 3935 899 4015 ἐντλήμονι
914 3940 1040 4015 habent,
1062 3961 1123 4001 non
1138 3942 1226 4018 longe
1243 3943 1358 4002 distans
1374 3943 1411 4001 ab
1427 3938 1536 4018 ἐγκαρ-

395 4039 518 4114 τερεῖν,
534 4034 688 4119 ἔμμονοε,
712 4036 938 4111 ἐγκαθιετάναι.
975 4043 1085 4102 novicii
1098 4043 1183 4115 libri,
1199 4043 1274 4106 Ven.
1290 4046 1321 4103 et
1335 4043 1431 4103 Vatic.
1447 4062 1537 4102 mem-

394 4140 541 4214 branacei,
556 4141 677 4201 Mediol.
699 4145 729 4201 et
749 4142 827 4201 Flor.
849 4143 995 4201 chartacei
1010 4143 1145 4203 Triclinii
1161 4148 1327 4221 sequuntur
1342 4146 1536 4205 correctiones

395 4241 427 4298 in
442 4241 595 4302 abiciendo
617 4243 818 4302 additamento
838 4263 942 4304 versus
958 4246 976 4303 6
992 4240 1121 4321 δαρείου
1137 4241 1222 4325 uide,
1243 4244 1464 4324 11μεγαβάζη(
1479 4248 1535 4322 22;

395 4341 453 4400 duo
468 4340 662 4424 μεγαβάτηε,
683 4364 760 4404 unus
778 4340 897 4406 Ktcoov
912 4346 1065 4420 praebent.
1101 4366 1190 4422 quam
1209 4347 1446 4407 emendationem
1459 4349 1536 4424 peri-

395 4444 514 4503 clitatus
531 4464 596 4504 sum
617 4465 720 4506 versus
738 4447 791 4518 13,
811 4447 913 4523 magni
927 4465 988 4505 non
1002 4447 1093 4522 faci03
1114 4448 1243 4507 indicavi
1262 4452 1355 4521 certe,
1377 4450 1429 4508 ubi
1449 4469 1535 4510 voces

394 4538 497 4618 ἄνδρα
517 4540 615 4620 ἄετρα
636 4568 653 4605 1
672 4548 804 4607 librariis
825 4550 987 4622 permutati
1009 4550 1083 4621 sint,
1111 4550 1250 4608 admonui
1273 4550 1308 4608 de
1331 4569 1485 4628 magorum
1504 4553 1535 4610 et
