3659 5600
851 496 892 561 63

298 690 463 753 editoribus
484 691 649 751 Hermanni
669 691 844 750 11994111
865 690 938 749 satis
960 692 1071 749 certam
1084 689 1198 767 putavi.
1227 691 1352 750 alteram
1366 690 1440 752 eins-

298 798 366 856 dem
386 815 416 854 v.
433 795 494 854 945
517 791 617 870 εέβων
637 812 692 869 pro
713 791 844 869 (εβίζων
866 792 987 852 difficile
1007 793 1099 851 fuerit
1114 813 1265 868 superare:
1294 795 1441 870 glossema

299 899 422 973 irrepsit
437 896 473 954 de
488 915 522 954 eo
536 915 652 972 genere,
668 898 703 954 ut
718 895 902 971 (τεναγμῶν
919 891 1152 971 (τεναγμάτων,
1168 892 1325 957 ὑπαντιᾶν
1340 893 1440 957 ὑπαν-

297 993 546 1077 nolensque
569 994 709 1075 μελέων,
732 997 944 1056 vocabulorum
965 1016 980 1055 1
1004 999 1160 1071 poetarum
1182 996 1309 1056 lectione
1334 999 1440 1057 ascito·

298 1120 373 1157 rum.
404 1100 519 1174 reliqua
533 1099 596 1157 eius
611 1099 669 1157 loci
683 1098 771 1173 paulo
785 1098 926 1157 licentius
940 1099 1076 1170 tractavi,
1097 1098 1288 1172 quodminus
1303 1103 1350 1157 est
1363 1100 1440 1157 refu-

298 1202 449 1278 giendum,
466 1201 611 1275 siquando
625 1220 720 1277 nugas
735 1200 970 1276 Byzantinorum
983 1200 1044 1276 legi
1058 1201 1100 1258 eis
1115 1200 1233 1258 indiciis
1248 1201 1439 1274 persenseris,

298 1323 372 1380 quae
398 1303 556 1378 aliquando
582 1321 688 1377 operae
715 1303 845 1378 pretium
867 1301 960 1361 fuerit
984 1302 1133 1378 congestis
1158 1302 1300 1361 centuriis
1327 1303 1441 1377 aliquot

297 1406 429 1463 eiusdem
444 1404 598 1463 commatis
612 1403 744 1462 locorum
761 1404 837 1462 male
852 1404 1021 1461 luxatorum
1042 1404 1079 1462 ob
1100 1403 1199 1463 oculos
1214 1404 1294 1479 poni.
1339 1399 1439 1479 (έβειν

299 1504 377 1582 βάρη
394 1507 452 1565 diei
467 1507 566 1582 potuit
586 1506 623 1564 de
638 1505 792 1564 toleranda
806 1525 839 1564 ac
855 1505 1009 1564 subeunda
1022 1505 1160 1580 planctus
1175 1524 1323 1578 aerumna,
1345 1504 1439 1579 qualis

298 1606 427 1683 Ohoeph.
455 1609 516 1664 418
546 1604 666 1680 κομμὸτ
687 1603 795 1680 ”epioe
817 1603 853 1668 ἔν
883 1623 918 1667 τε
950 1603 1068 1683 dictiue
1095 1603 1207 1683 νόμοι(
1235 1602 1440 1682 ἰηλεμιετρίαε

297 1711 486 1783 nuncupatur
507 1711 538 1766 et
557 1709 684 1767 11420
704 1709 742 1765 ad
763 1710 825 1767 423
840 1709 879 1767 H.
902 1708 1090 1767 describitur.
1120 1727 1176 1767 vox
1192 1705 1293 1783 (έβειν
1309 1708 1344 1766 de
1359 1725 1439 1766 exer·

299 1810 392 1868 cende
407 1829 440 1869 ae
454 1808 611 1867 tractanda
625 1808 723 1884 aliqua
737 1829 769 1868 re
784 1813 961 1885 usurpatur:
978 1806 1079 1885 (έβειν
1094 1807 1132 1869 τὸ
1148 1808 1342 1886 (ωφρονεῑν,
1358 1804 1439 1870 ἑται-

297 1908 369 1987 ρίαν
386 1907 487 1987 τέβειν
502 1911 573 1968 Eur.
590 1909 641 1969 Or.
658 1913 748 1983 1079,
771 1908 901 1986 (εβίζειν
916 1908 1009 1972 καινὰ
1025 1908 1139 1985 λέκτρα
1159 1909 1238 1971 Med.
1256 1912 1326 1988 157,
1349 1905 1439 1986 αἱμα·

297 2009 378 2087 τηρὰ
399 2007 568 2087 πράγματα
590 2009 691 2088 εέβειν
712 2012 819 2072 Aesch.
840 2011 1059 2072 1111111707Η.
1080 2029 1141 2070 non
1162 2013 1208 2069 est
1228 2012 1439 2087 magnifacere

297 2133 346 2173 eas
367 2133 428 2187 res,
453 2114 504 2173 sed
525 2113 675 2186 exhibere,
696 2133 848 2188 usurpare.
892 2134 926 2172 ea
946 2115 1041 2189 igitur
1056 2109 1135 2191 βάρη
1156 2113 1297 2188 epithetis
1319 2114 1439 2171 fuerunt

297 2215 474 2287 denotanda,
496 2235 569 2290 quae
590 2216 770 2274 sententiam
792 2214 945 2274 efficerent
960 2235 1048 2290 quam
1062 2216 1164 2289 posset
1179 2215 1359 2273 simillimam
1375 2234 1439 2272 ver-

298 2319 343 2375 sui
359 2319 436 2392 9363
452 2337 521 2375 nam
535 2312 694 2392 postquam
708 2317 741 2374 in
756 2318 877 2391 stropha
891 2317 983 2375 moris
997 2316 1196 2391 Bithynorum
1210 2320 1262 2374 aut
1276 2317 1439 2391 Paphlago·

296 2438 369 2477 num
388 2419 501 2477 mentio
522 2418 600 2477 facta
619 2421 680 2490 est,
701 2419 756 2476 hoc
776 2418 842 2476 loco
857 2421 1089 2477 consentaneum
1103 2421 1157 2490 est,
1173 2420 1208 2476 ut
1222 2419 1359 2493 planctus
1374 2418 1438 2492 ipse

299 2520 349 2578 ille
364 2520 455 2578 Arius
475 2523 527 2577 ant
542 2518 663 2591 Cissius,
685 2519 832 2594 siquidem
847 2518 993 2578 Strabone
1007 2522 1085 2578 teste
1099 2539 1129 2593 p.
1146 2521 1206 2579 728
1222 2519 1377 2578 Susiorum
1391 2520 1438 2577 hic

297 2622 403 2680 chorus
423 2620 481 2679 suit
496 2619 666 2693 Oissiorum,
687 2620 884 2680 exhiberetur.
921 2622 1054 2696 epitheta
1074 2621 1168 2696 igitur
1190 2621 1267 2694 dedi,
1282 2624 1317 2678 nt
1336 2621 1437 2695 potui:

297 2719 478 2783 λακοπαθέ(
498 2723 555 2781 erit
577 2725 655 2799 quod
674 2725 808 2782 1111111111
827 2724 969 2794 clamitet,
991 2719 1169 2797 ψαλιτυπέ(
1191 2722 1378 2799 intelligetur
1401 2741 1436 2779 ex

297 2844 332 2883 ca
345 2844 416 2884 voce
431 2820 537 2901 ψαλίε,
554 2846 641 2901 quam
656 2825 825 2885 Lobeckius
839 2824 952 2900 pathol.
966 2824 1003 2883 el.
1018 2845 1047 2899 p.
1062 2825 1123 2883 150
1132 2844 1162 2882 n.
1175 2827 1213 2883 78
1235 2844 1269 2883 ex
1287 2824 1437 2900 Hesychio

297 2928 428 2985 adhibet.
457 2924 557 2999 γέννα
572 2924 700 2987 πόλεως
714 2925 923 3001 πενθητῆρος,
935 2927 1047 2984 suboles
1060 2928 1142 2985 urbis
1156 2928 1322 2994 laetisonae,
1336 2928 1438 3000 potest

297 3028 432 3087 fortassis
444 3028 574 3103 intelligi
590 3025 846 3103 γυναικοπληθὴ(
864 3027 914 3086 1111
932 3022 1044 3103 ὅμιλο(
1060 3048 1088 3086 v.
1104 3028 1275 3102 1223n01ui
1291 3030 1437 3102 temptare

625 3124 729 3202 Ἀρία(
750 3126 866 3201 γέννα(
888 3128 1095 3203 πενθητῆρος,

298 3234 332 3288 nt
347 3228 473 3292 πόλεω(
488 3230 563 3288 illud
578 3231 676 3305 ipsum
691 3230 851 3288 haberetur
865 3229 1026 3305 glossema,
1043 3230 1122 3305 quod
1136 3230 1271 3289 fortassis
1286 3234 1436 3290 servatum

296 3336 342 3390 est
363 3333 394 3389 in
415 3333 553 3390 lemmate
573 3332 763 3406 Hesychiano
784 3333 865 3389 7108
881 3327 1011 3410 Ἀρείατ,
1032 3329 1158 3393 πόλεως
1172 3331 1319 3407 reponte
1334 3331 1436 3409 (vulgo

297 3430 429 3493 πώλου(
448 3426 618 3512 Περίικάε)
640 3433 787 3508 siqnidem
805 3432 910 3491 Ariam
935 3433 1040 3491 urbem
1059 3433 1182 3492 inerunt
1207 3435 1257 3509 qui
1283 3433 1437 3492 crederent

298 3534 404 3592 fuisse:
419 3534 479 3592 vid.
496 3533 647 3609 Forbiger,
663 3553 764 3611 geogr.
781 3536 799 3592 2
815 3553 845 3609 p.
862 3535 934 3592 545.
949 3567 991 3575 -
1006 3533 1086 3603 Quae
1101 3555 1149 3594 vv.
1160 3538 1221 3595 960
1237 3536 1296 3594 961
1312 3536 1435 3608 mutavi,

295 3636 338 3694 ita
364 3636 455 3693 velim
479 3635 618 3711 intelligi.
663 3635 751 3696 κῶλα
775 3635 880 3693 brevia
904 3635 1013 3695 codicis
1033 3636 1138 3710 Laur,
1164 3657 1239 3712 quae
1263 3636 1436 3717 plerumque

295 3738 386 3795 etiam
406 3738 438 3795 in
457 3737 512 3795 hoc
532 3737 725 3811 quaternione
742 3737 860 3813 egregie
878 3735 995 3796 servata
1013 3741 1097 3811 sunt,
1117 3743 1164 3798 est
1183 3739 1235 3797 nbi
1254 3739 1309 3798 hac
1327 3740 1436 3814 pagina

295 3858 452 3913 perperam
472 3841 503 3897 et
523 3838 718 3913 inaequaliter
739 3841 809 3897 sunt
830 3838 939 3913 divisa3
968 3839 1026 3914 ipsi
1050 3841 1082 3898 hi
1102 3859 1207 3899 versus
1231 3841 1435 3915 antistrophae

295 3958 356 3997 non
376 3940 569 4015 respondent.
598 3941 630 3998 in
650 3938 772 4014 reliquia
787 3939 861 3999 meis
876 3940 963 3999 libris
977 3943 1013 3998 ut
1026 3941 1188 4015 plurimum
1201 3941 1272 3999 bina
1286 3942 1375 4002 κῶλα
1389 3960 1435 4000 co·

294 4040 451 4114 pulantur,
473 4040 530 4099 alia
550 4041 670 4116 quidem
683 4041 715 4098 in
735 4041 815 4114 aliis,
836 4062 886 4102 vv.
903 4044 962 4102 961
980 4045 1011 4100 11
1026 4044 1087 4101 973
1102 4043 1135 4101 in
1149 4044 1285 4101 omnibus
1300 4044 1435 4118 proximo

295 4142 440 4216 superiori
455 4142 626 4201 adhaerent.
670 4142 745 4200 nihil
760 4145 806 4201 est
821 4162 934 4216 causae,
957 4143 1029 4218 quin
1044 4146 1168 4219 putetur
1182 4146 1328 4219 scriptum
1342 4145 1435 4203 fnisse

295 4242 380 4316 olim,
406 4263 494 4318 quem
515 4244 674 4302 admodum
698 4243 759 4303 fere
784 4248 855 4319 post
881 4246 1054 4304 coniunctos
1082 4265 1132 4305 vv.
1154 4246 1214 4304 957
1241 4247 1302 4305 958
1323 4246 1434 4305 habent

294 4344 353 4401 mei
367 4343 451 4418 libri,

581 4443 633 4508 καὶ
655 4442 795 4521 δατάμα(
816 4442 874 4520 ἠδὲ
896 4442 1032 4523 ψάμμιε·

582 4543 787 4623 concrescent
807 4544 840 4609 τ’
862 4544 1026 4624 ἀγβάτανα
1049 4546 1167 4610 λιπών·
