3659 5600
857 565 894 573 -·
939 544 1086 591 xlv-—

397 695 502 759 minus
523 698 612 778 sunt,
636 694 781 759 Cimonis
804 695 915 759 domus
937 699 969 760 et
990 718 1096 760 rerum
1117 700 1279 782 gestarum
1299 698 1541 764 admirationem

395 813 595 897 praeferunt:
632 814 725 878 aedes
747 813 787 877 ab
811 836 848 878 eo
871 817 927 879 aut
948 814 1015 878 eius
1037 814 1135 878 affine
1157 818 1315 880 extructas
1338 817 1454 883 scimus
1469 816 1540 881 Mil-

396 929 506 1015 tiadis,
533 931 701 1015 Elpinicac
723 932 897 996 honoribus
921 935 1049 996 ornatas
1079 954 1164 1017 esse,
1194 934 1317 998 fabulas
1345 935 1466 1018 patrias
1495 935 1541 999 ita
1617 946 1620 951 ’

396 1052 549 1133 mutatas,
572 1054 609 1115 ut
630 1072 710 1134 quae
727 1049 875 1114 Herculis
897 1054 1004 1134 partes
1026 1051 1165 1115 fuissent
1185 1052 1219 1115 in
1240 1074 1350 1137 pugna
1364 1053 1541 1117 Amazonia

397 1170 429 1230 ct
448 1166 670 1252 Lapitharum,
692 1168 732 1232 ad
754 1169 963 1232 instauratum
987 1192 1005 1232 a
1021 1168 1153 1234 Cimone
1167 1169 1283 1234 Thesei
1298 1172 1418 1235 cultum
1439 1176 1539 1236 trans·

396 1285 571 1378 tenentur:
607 1287 717 1351 testati
740 1291 829 1370 sunt,
853 1287 938 1370 quod
961 1288 1088 1352 aliunde
1111 1292 1251 1373 constat,
1280 1293 1362 1353 artes
1384 1291 1419 1353 in
1440 1287 1540 1353 hon‘o-

397 1403 486 1468 rifica
513 1404 649 1487 quadam
671 1404 815 1469 Cimonis
844 1405 993 1470 clientela
1020 1406 1076 1470 illa
1102 1407 1201 1471 fuisse
1230 1410 1342 1472 aetate.
1387 1406 1541 1490 Aeschyli

396 1542 447 1585 ars
468 1522 549 1586 nulli
571 1522 735 1606 deserviit,
759 1524 814 1588 sed
837 1523 877 1588 ad
899 1526 1037 1588 aetatem
1059 1546 1129 1588 eam
1147 1526 1294 1610 pertigit,
1317 1529 1349 1589 et
1370 1525 1430 1589 hac
1450 1525 1539 1590 trilo-

395 1640 450 1723 gia
482 1641 516 1704 in
544 1641 645 1704 tribus
674 1640 880 1707 Cimonianae
907 1641 1063 1707 honorem
1090 1643 1207 1726 scripta
1235 1643 1377 1726 proxime
1406 1644 1540 1708 accessit

396 1758 436 1821 ad
457 1780 507 1822 res
529 1759 655 1842 publice
677 1763 732 1824 aut
752 1760 901 1843 privatim
925 1761 964 1824 ab
987 1762 1057 1844 ipso
1079 1765 1186 1846 gestas
1208 1762 1411 1847 gerendasve.

479 1878 683 1962 Argonautas
707 1899 774 1941 non
803 1877 930 1962 dubito,
960 1880 1037 1963 quin
1058 1879 1195 1944 voluerit
1222 1881 1360 1965 intelligi
1387 1884 1483 1964 poeta
1505 1885 1538 1945 et

395 1995 613 2060 intellexerint
641 1996 730 2059 nullo
757 1997 888 2080 negotio
914 2000 1109 2080 spectatores
1132 1998 1325 2062 Graecorum
1353 1999 1457 2062 socios
1483 2021 1537 2063 na·

395 2113 480 2176 vales
503 2113 542 2177 ad
565 2112 785 2181 debellandam
800 2114 910 2178 Asiam
932 2153 974 2162 -
997 2117 1140 2194 Μηδικὸν
1155 2119 1298 2197 πόλεμον
1320 2117 1401 2181 dixit
1414 2116 1537 2199 Thucy·

398 2230 486 2295 dides
510 2234 544 2315 1,
568 2231 609 2296 95
623 2271 666 2278 —
688 2235 910 2318 congregatos.
945 2236 1057 2296 notum
1080 2237 1130 2298 est
1150 2232 1323 2299 secundum
1337 2233 1536 2298 Herodotum

396 2351 545 2433 componi
567 2351 768 2415 consuevisse
788 2351 1010 2435 Argonautas,
1034 2352 1162 2435 Troica,
1185 2352 1321 2416 Persica.
1357 2356 1483 2436 poterat
1503 2353 1537 2416 id

395 2469 540 2552 usurpari
555 2469 594 2532 ab
610 2469 789 2533 oratoribus
812 2468 992 2533 forensibus
1000 2520 1009 2553 ,
1034 2492 1096 2554 quo
1113 2474 1256 2554 tempore
1270 2471 1409 2555 primum
1425 2472 1536 2535 classis

394 2586 527 2672 Pegasis
557 2586 653 2672 (Plut.
676 2587 786 2651 Them.
814 2587 889 2673 XX)
920 2588 1144 2673 colligebatur:
1181 2591 1307 2673 poterat
1333 2590 1470 2653 maxime
1498 2610 1536 2653 eo

394 2709 554 2790 tempore,
591 2726 653 2788 quo
687 2705 845 2770 Phineum
875 2705 1053 2789 Aeschylus
1090 2707 1226 2791 scripsit.
1284 2708 1419 2792 legimus
1453 2707 1537 2791 apud

394 2825 612 2907 Thucydidem
636 2827 668 2908 1,
686 2826 747 2889 130
761 2825 966 2908 Pausaniam,
991 2847 1062 2890 cum
1085 2848 1141 2890 sua
1163 2828 1277 2910 sponte
1299 2827 1339 2890 ad
1354 2827 1536 2908 exercitum,

393 2947 564 3027 postquam
591 2946 715 3008 amotus
744 2944 821 3028 fuit,
853 2945 1002 3027 redisset,
1035 2945 1075 3008 ab
1103 2944 1352 3010 Atheniensibus
1379 2944 1535 3028 Byzantio

393 3064 491 3127 fuisse
507 3063 686 3146 expulsum3
710 3061 875 3127 Cimonem
894 3063 1008 3127 fecisse
1024 3063 1122 3127 adicit
1135 3063 1324 3127 Plutarchus
1340 3063 1422 3128 Cim.
1447 3085 1472 3127 c.
1488 3062 1536 3127 VI

394 3184 544 3245 extremo
589 3184 713 3245 versata
741 3183 790 3245 est
815 3181 915 3266 igitur
942 3184 1019 3245 tunc
1042 3182 1152 3245 classis
1174 3181 1420 3246 Atheniensium
1441 3181 1476 3245 in
1499 3203 1536 3245 ca

394 3318 465 3380 ora,
488 3299 522 3361 in
544 3320 606 3381 qua
626 3298 767 3362 Phineus
789 3299 992 3384 Argonautas
1016 3300 1153 3383 accepit:
1190 3303 1223 3363 et
1243 3301 1367 3364 versata
1389 3302 1438 3363 cst
1458 3290 1551 3380 Dio?

394 3416 474 3480 doro
496 3419 577 3480 teste
599 3415 646 3500 II,
670 3417 712 3481 60
733 3438 771 3480 co
793 3439 907 3500 usquc,
936 3417 1012 3480 dum
1033 3440 1052 3481 a
1074 3416 1207 3482 Cimone
1229 3418 1269 3480 ad
1291 3417 1535 3502 expugnandam

394 3534 519 3599 Eonem
541 3535 677 3599 abducta
699 3538 757 3599 est.
795 3536 899 3599 medio
922 3537 1065 3619 tempore
1088 3535 1255 3601 Cimonem
1276 3536 1413 3600 Athenis
1435 3536 1534 3600 fuisse

394 3656 426 3716 et
446 3654 554 3737 novis,
577 3657 612 3717 ut
632 3654 774 3737 videtur,
795 3654 929 3718 navibus
952 3657 1080 3719 auctum
1094 3659 1272 3738 praetorem
1295 3658 1434 3719 creatum
1457 3654 1535 3719 dicit

393 3793 477 3836 anno
501 3771 710 3838 CCCCLXX:
747 3775 855 3856 potest
880 3771 943 3836 hoc
970 3772 1200 3856 propemodum
1221 3776 1306 3852 recte
1334 3773 1432 3856 tradi,
1463 3795 1534 3860 cum

393 3890 433 3953 ad
454 3890 578 3955 Eonem
601 3894 633 3956 et
654 3891 787 3973 Scyrum
810 3891 1036 3976 expugnandas
1058 3891 1134 3955 anni
1156 3890 1357 3955 Demotionis
1380 3894 1412 3954 et
1433 3892 1533 3974 Apse-

392 4008 520 4090 phionis
543 4009 703 4074 suffecisse
725 4008 901 4073 videantur.
937 4011 1009 4073 utut
1030 4013 1093 4090 est,
1118 4009 1201 4073 circa
1215 4008 1372 4090 Dionysia
1386 4007 1533 4071 Menonis

393 4128 527 4191 consilia
542 4130 623 4192 serio
638 4128 775 4192 Athenis
797 4127 878 4191 inita
894 4149 962 4191 esse
978 4127 1126 4191 credibile
1142 4133 1191 4190 est
1212 4126 1251 4188 de
1273 4124 1412 4210 gerendo
1428 4126 1532 4189 acrius

392 4244 492 4327 bello,
516 4246 600 4329 quod
622 4246 662 4309 ab
684 4267 769 4309 anno
785 4244 1012 4311 CCCCLXXV
1026 4246 1112 4308 lente
1127 4244 1204 4307 satis
1220 4264 1257 4306 ac
1271 4242 1414 4326 segniter
1434 4242 1532 4306 fuisse

392 4366 546 4445 tractum,
569 4364 639 4447 ipsa
653 4363 828 4427 Pausaniae
842 4364 898 4426 illa
913 4363 1012 4426 altera
1027 4362 1219 4443 coniuratis,
1241 4363 1310 4424 tum
1325 4358 1426 4444 Bogis
1440 4360 1532 4425 Eone

393 4479 572 4544 dominatus
599 4481 712 4545 dooere
739 4480 900 4563 videntur,
931 4480 996 4544 sive
1023 4478 1075 4542 hic
1104 4478 1256 4542 archonte
1282 4477 1453 4542 Phaedone
1481 4501 1531 4542 ax-

392 4598 502 4681 pulsus
524 4599 693 4683 postmodo
715 4598 825 4680 rediit,
849 4598 915 4662 sive
931 4618 1055 4680 semper
1076 4596 1142 4660 illic
1164 4596 1236 4661 fuit.
1267 4597 1351 4661 inter
1366 4618 1438 4680 spes
1459 4597 1531 4662 illas
