3659 5600
850 535 884 595 ll

384 719 519 784 ἁλίδονα
541 720 669 797 ςώματο
689 721 865 800 πολυβαφῆ

384 838 584 902 κατθανόντα
605 838 708 914 λέγεις
730 837 880 917 φέρεεθαι

384 958 559 1033 πλαγκτοῖς
581 956 617 1022 έν
639 955 849 1023 διπλάκεςςιν.

298 1144 353 1209 ΑΓ.
383 1143 480 1209 οὐδέν
502 1143 565 1222 γάρ
586 1143 674 1222 ἤρκει
695 1142 787 1225 τόξα,
809 1145 872 1209 πᾶς
894 1143 930 1207 δ’
951 1143 1125 1208 ἀπώλλυτο

384 1262 517 1341 ςτροτάς
538 1261 704 1341 δαμοςθελς
724 1262 859 1327 ναῖοιςιν
881 1261 1039 1342 ἐμβολαῖς.

300 1396 357 1447 ςτρ.
374 1397 408 1445 γ.

302 1473 366 1540 ΧΟ.
382 1472 449 1541 ’soz’
470 1471 618 1554 ἄποτμον
640 1473 725 1554 βοάν

386 1595 537 1672 δυςαιανή
559 1591 680 1674 Δάοις,

386 1712 431 1777 ὡς
453 1711 559 1776 πάντα
580 1711 750 1787 παγκάκως
772 1709 876 1775 θέςαν.

384 1831 451 1896 αἰαῖ
473 1831 608 1909 ςτρατοῦ
630 1828 819 1910 φθαρέντος.

299 2000 354 2065 ΑΓ.
384 1999 411 2063 ὦ
434 2003 585 2066 πλεῖςτον
607 2000 702 2077 ἔχθος
724 1997 830 2078 ὄνομα
852 1996 1030 2077 (αλαμῖνος
1052 1997 1173 2063 κλύειν·

383 2122 464 2201 φεῦ,
485 2121 554 2184 τῶν
576 2112 719 2198 Ἀθηνῶν
742 2115 788 2181 ὡς
810 2117 909 2183 ςτένω
931 2117 1138 2196 μεμνημένος.

299 2236 360 2289 ἀντ.
378 2228 412 2299 γ’.

300 2328 365 2395 ΧΟ.
382 2330 509 2406 ςτυγνυί
529 2331 564 2405 γ’
585 2327 714 2395 Ἀθᾶναι
736 2328 848 2395 Δάοιο

382 2450 553 2529 μεμνήςθαί
574 2469 625 2513 τοι
645 2447 749 2530 πάρα,

383 2567 428 2634 ὡς
449 2567 615 2646 Περςίδων
636 2567 736 2646 μάτας
758 2565 864 2631 κτίςαν

382 2685 511 2752 εὔνιδος
532 2685 588 2764 ἠδ’
609 2684 800 2766 ἀνάνδρους,

297 2857 358 2921 ΑΤ.
381 2861 457 2933 ςιγῶ
479 2858 578 2923 πάλαι
600 2856 754 2936 δύςτηνος
776 2855 1018 2935 ἐκπεπληγμένη

382 2978 503 3042 κακοῖς·
530 2975 723 3056 ὑπερβάλλει
744 2973 885 3054 γάρ-ἣδε
908 2973 1073 3054 ςυμφορά,

382 3096 420 3161 τὸ
442 3096 519 3174 μήτε
541 3095 627 3161 λέξαι
648 3093 724 3174 μήτ’
746 3093 899 3172 έρωτῆςαι
921 3092 1015 3170 πάθη.

383 3214 470 3293 ὅμως
493 3213 527 3277 δ’
549 3213 671 3293 ἀνάγκη
694 3212 842 3293 πημονὰς
865 3214 993 3293 βροτοῖς
1010 3210 1128 3292 φέρειν

382 3334 467 3423 θεῶν
490 3332 657 3398 διδόντων.
686 3335 751 3397 πάν
773 3330 807 3395 δ’
829 3329 1011 3397 ἀναπτύξας
1032 3329 1136 3395 πάθος

382 3450 476 3518 λέξον
498 3449 669 3532 καταςτάς,
692 3448 738 3515 κεί
760 3449 878 3515 ςτένεις
900 3450 1009 3513 κακοῖς
1030 3448 1135 3529 ὅμως,

382 3567 427 3634 τίς
449 3567 489 3633 οὐ
511 3568 657 3647 τέθνηκε,
679 3568 750 3634 τίνα
772 3569 808 3632 δὲ
830 3568 883 3633 καὶ
902 3567 1100 3646 πενθήςομεν

380 3691 447 3751 τῶν
469 3686 660 3766 ἀρχελείων,
683 3683 753 3751 άςτ’
774 3685 827 3750 ἐπὶ
849 3686 1043 3768 ςκηπτουχίᾳ

381 3804 506 3884 ταχθεὶς
527 3802 692 3883 ἄνανδρον
714 3804 802 3869 τάξιν
823 3803 948 3883 ἠρήμου
969 3802 1092 3879 θανών;

296 3923 350 3987 ΑΓ.
380 3922 502 4002 Ξέρξης
523 3924 581 4003 μὲν
604 3920 701 3987 αὐτὸς
723 3928 761 4007 ζῇ
782 3942 817 3988 τε
839 3923 891 3987 καὶ
912 3922 1021 4003 βλέπει
1043 3919 1137 4000 φάος.

296 4040 354 4105 ΑΤ.
382 4039 471 4121 έμοῖς
492 4042 550 4120 μὲν
573 4038 665 4106 είπας
688 4042 826 4121 δώμαςιν
848 4041 936 4122 φάος
956 4040 1037 4120 μέγα

380 4160 432 4224 καὶ
454 4160 568 4225 λευκὸν
591 4159 674 4240 ήμορ
696 4160 810 4226 νυκτός
831 4158 866 4224 ἐκ
887 4160 1091 4240 μελαγχίμου.

295 4276 349 4342 ΑΓ.
379 4275 589 4358 Ἀρτεμβάρης
611 4279 647 4342 δὲ
669 4277 780 4357 μυρίος
800 4276 904 4343 ἵππου
926 4278 1062 4358 βραβεὺς

380 4394 541 4475 ςτύφλους
562 4394 643 4473 παρ’
664 4393 761 4460 ἀκτὰς
782 4395 918 4461 θείνεται
940 4394 1104 4475 (ιληνίων.

379 4512 426 4591 χώ
450 4512 612 4591 χιλίαρχος
633 4512 786 4593 Δαδάκης
806 4517 912 4598 πληγῇ
935 4514 1033 4594 δορὸς

379 4631 508 4709 πήδημα
529 4635 656 4712 κοῦφον
679 4632 714 4697 ἐκ
735 4633 819 4698 νεὼς
840 4630 1005 4711 ἀφήλατο·
