3659 5600
843 517 882 582 21

379 709 489 786 χλιδῆς
510 726 545 772 τε
566 710 621 785 τῆς
642 706 798 785 πάροιθεν
820 706 855 770 ἐκ
876 707 986 799 δόμων
1008 706 1105 771 πάλιν

378 826 516 907 ἐςτειλα,
538 825 653 890 παιδὸς
674 824 768 904 πατρὶ
789 827 979 905 πρευμενεῖς
1001 824 1082 903 χοὰς

378 943 523 1026 φέρους’,
545 941 627 1022 άπερ
649 943 786 1022 νεκροῖςι
807 942 1015 1025 μειλικτήρια,
1036 1030 1038 1035 Δ

379 1060 456 1144 βοός
477 1061 511 1128 τ’
532 1060 597 1143 ἀφ’
617 1060 717 1141 ἁγνῆς
738 1062 854 1127 λευκόν
876 1059 1018 1126 εὔποτον
1039 1059 1137 1143 γάλα,

376 1184 433 1259 τῆς
453 1181 486 1245 τ’
507 1180 729 1260 ἀνθεμουργοῦ
752 1179 887 1260 (τάγμα,
908 1180 1060 1259 παμφαὲς
1081 1179 1168 1261 μέλι,

377 1297 498 1380 λιβάςιν
521 1296 674 1379 ὑδρηλαῖς
695 1299 860 1378 παρθένου
882 1300 985 1377 πηγῆς
1005 1297 1098 1376 μέτα,
1134 1328 1135 1331 “

376 1418 536 1500 ἀκήρατόν
558 1435 592 1481 τε
614 1418 733 1497 μητρός
754 1415 865 1496 ἀγρίας
885 1414 952 1480 ἄπο

376 1532 480 1597 ποτόν
502 1538 639 1600 παλαιάς
660 1534 805 1613 ἀμπέλου
826 1534 926 1612 γάνος
947 1533 1036 1600 τόδε·

375 1653 433 1728 τῆς
453 1651 488 1715 τ’
509 1652 578 1719 αἰὲν
601 1653 637 1719 ἐν
658 1652 808 1734 φύλλοιςι
829 1651 1006 1730 θαλλοάςης
1028 1652 1099 1732 βίον

375 1772 491 1849 ξανθῆς
512 1770 619 1836 ἐλαίας
641 1773 762 1851 καρπός
784 1772 908 1851 εὐώδης
929 1769 1032 1852 πάρα,

375 1885 455 1965 ἄνθη
477 1908 511 1954 τε
533 1891 670 1973 πλεκτὰ,
691 1889 868 1969 παμφόρου
889 1887 981 1964 γαίας
1001 1888 1105 1953 τέκνα.

375 2003 461 2088 ἀλλ’,
484 2008 511 2070 θι
534 2007 641 2092 φίλοι,
666 2010 769 2089 χοαῖςι
788 2011 895 2073 ταῖςδε
916 2006 1078 2086 νερτέρων

376 2121 496 2203 ὕμνους
517 2124 744 2208 ἐπευφημεῖτε,
767 2126 825 2202 τόν
847 2145 881 2191 τε
904 2125 1041 2206 δαίμονα

373 2242 517 2321 Δαρεῖον
538 2243 762 2326 άνακαλεῖςθε,
785 2243 948 2320 γαπότους
970 2243 1004 2307 δ’
1025 2241 1089 2318 ἐγὼ

371 2360 462 2439 τιμὰς
483 2362 667 2444 προπέμψω
689 2365 783 2429 τᾶςδε
805 2361 967 2442 νερτέροις
988 2362 1082 2426 θεοῖς.

290 2476 352 2543 ΧΟ.
374 2479 512 2560 βαςίλεια
533 2480 642 2563 γύναι,
665 2480 802 2561 πρέςβος
823 2480 976 2562 Πέρςαις,

373 2595 410 2662 ςά
431 2617 466 2663 τε
487 2598 592 2679 πέμπε
613 2599 693 2680 χοάς
715 2598 878 2678 θαλάμους
900 2596 965 2663 ὕπο
987 2600 1061 2680 γῆς,

372 2714 460 2796 ἡμεῖς
481 2716 517 2780 θ’
539 2716 650 2797 ὕμνοις
672 2715 859 2797 αἰτηςόμεθα

371 2834 537 2917 φθιμένων
558 2836 708 2916 πομποὺς

372 2952 536 3035 εὔφρονας
557 2952 640 3019 εἶναι
662 2954 741 3018 κατὰ
762 2952 861 3030 γαίας.

372 3069 485 3154 [άλλά,
507 3072 631 3150 χθόνιοι
652 3071 800 3151 δαίμονες
821 3071 935 3154 ἁγνοὶ,

373 3191 412 3267 Γῆ
434 3209 468 3255 τε
491 3190 542 3255 καὶ
563 3189 673 3272 Ἑρμῆ,
696 3193 821 3271 βαςιλειῖ
842 3189 875 3253 τ’
897 3187 1036 3270 ἐνέρων,

370 3308 516 3388 πέμψατ’
536 3307 669 3388 ἔνερθεν
691 3309 799 3388 ψυχὴν
822 3308 854 3372 ἐς
876 3312 962 3388 φῶς·

370 3425 398 3490 εἰ
419 3424 481 3505 γάρ
503 3448 533 3491 τι
554 3428 661 3491 κακῶν
683 3423 761 3491 ἄκος
783 3426 854 3492 οἶδε
876 3426 995 3508 πλέον,

369 3542 469 3622 μόνος
491 3544 531 3610 ἂν
554 3546 681 3623 θνητῶν
702 3545 804 3625 πέρας
826 3544 938 3627 εἴποι]

284 3691 343 3743 ςτρ.
360 3669 394 3730 α’.

371 3780 391 3858 ῆ
414 3778 449 3859 ῥ’
470 3778 530 3845 ἀίει
552 3802 605 3860 μοι
628 3781 799 3861 μακαρίτας
822 3780 993 3861 ἰςοδαίμων
1016 3781 1160 3862 βαςιλεὺς

306 3884 310 3891 ’
371 3899 513 3981 βάρβαρα
535 3903 661 3980 εοφηνῆ

367 4016 472 4083 ἱέντος
493 4017 533 4081 τὰ
554 4017 707 4083 παναίολ’
728 4016 821 4097 αἰανῆ
843 4017 982 4097 δάςθροα
1004 4018 1162 4100 βάγματα;

368 4133 549 4201 παντάλαν’
570 4134 631 4214 ἄχη
654 4135 826 4215 διαβοάςω;

368 4252 481 4332 νέρθεν
503 4252 566 4332 άρα
586 4253 674 4319 κλύει
695 4274 771 4333 μου;

286 4384 353 4439 ἀντ’
372 4403 399 4441 α,

368 4488 451 4555 ἀλλὰ
472 4490 509 4555 ςιί
531 4510 585 4569 μοι
608 4492 650 4555 Γᾶ
670 4510 705 4557 τε
725 4492 777 4556 καὶ
798 4492 892 4558 ἄλλοι
913 4491 1054 4571 χθονίων
1076 4491 1231 4574 ἁγεμόνες

366 4607 503 4689 δαίμονα
524 4612 664 4689 μεγαυχῆ
919 4609 921 4621 ²
