3659 5600
835 512 878 577 49

374 705 454 777 Quae
468 707 522 765 hec
536 705 646 782 pagina
659 705 782 777 mutavi,
796 704 919 764 modum
932 723 994 765 non
1007 724 1076 765 reor
1089 705 1239 766 excedere.
1268 705 1398 766 abstinui
1411 724 1429 764 5

286 808 453 884 supplendo
474 820 563 866 versu
584 806 654 879 532,
674 808 709 865 55
729 806 787 866 feci
805 804 917 880 ubique
940 805 965 865 si
986 825 1060 881 quae
1080 806 1226 865 medelam
1246 806 1364 865 facilem
1378 806 1429 864 ali·

287 913 361 987 quot
381 908 476 968 modis
498 907 670 966 admittunt.
699 927 728 967 v.
743 908 803 966 537
829 907 917 967 unius
937 906 1088 966 litterulae
1109 907 1288 967 correctione
1311 906 1429 982 supple·

286 1012 387 1070 menta
406 1009 520 1068 removi
539 1010 571 1067 55
592 1008 784 1068 offensionem
805 1008 928 1082 sustuli,
951 1027 1026 1084 quae
1047 1011 1110 1068 erat
1129 1009 1163 1068 in
1182 1006 1281 1068 verbis
1309 1005 1429 1080 ἄλγους

287 1108 483 1187 μετέχουεαι.
513 1109 606 1186 friget
625 1109 681 1169 hoc
701 1108 823 1170 mirifice
843 1127 876 1168 ac
895 1109 1020 1186 languet
1045 1109 1081 1168 de
1108 1109 1282 1169 mulieribus
1304 1109 1430 1170 Persicis

287 1212 408 1285 dictum,
423 1211 589 1288 quarumin
600 1230 634 1270 eo
645 1212 728 1271 luctu
742 1213 773 1270 et
787 1211 909 1286 planctu
922 1211 1011 1287 longe
1026 1212 1169 1270 maximae
1184 1214 1284 1286 partes
1299 1211 1428 1270 fuerunt.

286 1316 374 1389 poeta
388 1331 453 1372 non·
468 1312 625 1372 invenuste
647 1312 724 1372 dicit
741 1313 818 1372 ricas
833 1316 863 1372 et
878 1312 1025 1372 velamina
1039 1312 1162 1372 discissa
1177 1315 1207 1371 et
1221 1312 1350 1372 lacrimis
1364 1330 1429 1388 per-

285 1414 351 1474 fusa
370 1414 482 1473 luitura
501 1414 613 1472 malum
631 1414 775 1499 atquein
799 1417 914 1488 partem
943 1416 1067 1472 ventura
1091 1432 1164 1474 esse.
1201 1410 1429 1488 κατερείκεεθαι

286 1514 456 1592 significatu
470 1514 566 1574 activo
583 1515 646 1573 sine
661 1515 805 1589 exemplis
820 1534 880 1575 non
892 1518 970 1573 eret:
985 1515 1106 1590 passivo
1117 1518 1216 1574 autem
1225 1513 1430 1589 accipiendum

286 1619 340 1675 est.
371 1635 446 1692 quae
460 1615 530 1674 inde
545 1634 562 1673 a
576 1635 605 1675 v.
621 1616 681 1674 541
698 1615 735 1674 ad
751 1617 810 1675 545
828 1619 1004 1692 sequuntur,
1019 1617 1120 1692 paullo
1135 1617 1194 1675 iam
1209 1612 1430 1691 melius,'quem

285 1720 382 1790 55555,
395 1717 562 1791 adhaerent,
574 1716 600 1776 si
615 1711 770 1793 ἁβρογόοι
785 1720 853 1793 apte
869 1717 1048 1792 explicetur:
1064 1720 1136 1778 sunt
1148 1720 1250 1777 tamen
1263 1717 1429 1776 elocutione

285 1817 406 1893 turgida
421 1820 452 1875 et
465 1836 500 1876 ex
515 1818 632 1877 antistr.
649 1812 674 1878 ε’
694 1819 800 1894 parodi
818 1822 1008 1894 praepostere
1028 1838 1062 1878 ac
1076 1837 1170 1893 prope
1185 1818 1359 1893 insipienter
1372 1817 1430 1876 huc

286 1918 389 1977 inlata.
419 1918 445 1978 si
459 1922 643 1991 resecantur,
667 1920 747 1995 quod
760 1922 856 1979 restat
868 1938 1009 1979 versuum
1023 1938 1057 1979 eo
1072 1920 1134 1979 fere
1148 1937 1271 1978 numero
1287 1918 1357 1991 erit,
1379 1918 1430 1994 qui

288 2021 334 2079 est
348 2019 407 2097 Ag.
424 2020 486 2080 340
512 2018 594 2096 Sept.
610 2021 671 2080 802
686 2019 726 2079 H.
770 2041 799 2080 v.
816 2021 877 2080 546
897 2021 969 2080 satis
990 2020 1124 2096 apposite
1139 2022 1279 2096 sequetur
1294 2020 1365 2090 540,
1380 2018 1430 2077 ed·

276 2120 382 2192 ‚hibita
404 2140 453 2193 55,
476 2109 534 2196 qua
553 2121 670 2198 pridem
683 2139 764 2196 ‘opus
784 2125 862 2193 erat,
884 2121 1013 2180 medela:
1041 2118 1161 2195 νόμου(
1185 2120 1301 2197 aliquot
1325 2119 1430 2179 Sindos

287 2226 505 2296 commemorat,
520 2222 679 2300 lugubrem
693 2222 859 2298 Aeschylus
875 2221 1004 2298 Choeph.
1021 2224 1082 2282 809
1098 2221 1137 2281 Η.
1180 2223 1267 2282 initio
1290 2221 1430 2296 strophae

286 2326 317 2389 et
330 2326 391 2383 ant.
407 2320 436 2384 α’
449 2323 543 2383 libros
563 2326 680 2383 secutus
702 2342 776 2393 sum,
795 2310 1010 2398 Hermannnm,
1027 2325 1093 2383 turn
1106 2322 1258 2382 Princium
1279 2305 1382 2398 (Eteri.
1395 2340 1429 2397 p.

168 2495 171 2502 Ι
286 2422 348 2502 75).
376 2425 474 2485 media
494 2424 653 2483 eammdem
666 2426 751 2500 parte
769 2425 1042 2500 interpunctionem
1061 2425 1183 2497 mutavi,
1198 2425 1232 2484 in
1244 2424 1431 2500 antistropha

188 2551 191 2558 ’
287 2525 444 2585 scholiasta
465 2529 593 2585 auctore.
619 2528 724 2585 neuter
743 2524 919 2599 versiculus,
942 2527 1003 2586 553
1024 2530 1076 2584 555
1096 2528 1172 2599 563,
1194 2526 1289 2600 priori
1308 2525 1430 2603 adiungi

287 2629 397 2700 potest,
415 2625 487 2700 quin
502 2627 649 2685 sententia
663 2626 781 2687 vacillet
795 2629 825 2686 et
838 2627 1019 2704 languescat.
1050 2627 1075 2686 si
1095 2626 1128 2684 in
1146 2626 1270 2701 stropha
1284 2626 1430 2701 scriptura

287 2727 375 2787 Laur.
397 2727 578 2800 admittitur,
602 2731 653 2786 aut
673 2729 699 2788 si
718 2730 787 2805 post
800 2728 925 2787 alteram
938 2728 1083 2786 librorum
1097 2745 1171 2787 saec.
1188 2726 1263 2785 XIII
1277 2727 1430 2803 interpun-

288 2829 379 2907 gitur,
402 2832 563 2905 occupatur
583 2829 615 2887 id
637 2829 717 2904 quod
731 2830 763 2888 in
777 2830 963 2905 antistropha
976 2830 1168 2906 praecipuum
1183 2829 1237 2888 est.
1265 2828 1431 2904 praestabit

287 2927 440 3008 docitem
464 2927 610 2992 ποντίαις
633 2931 739 2989 referri
766 2931 803 2991 ad
829 2927 970 3008 ἀβλαβής
994 2931 1091 2990 activo
1111 2949 1213 3003 sensu,
1237 2949 1295 3006 quo
1319 2929 1431 3008 legitur

286 3033 371 3095 Eum.
395 3033 472 3101 282,
492 3031 554 3090 466
569 3030 622 3104 Η.,
644 3034 695 3105 quc
714 3033 841 3093 5551555
863 3051 925 3093 coc
943 3034 1050 3092 nocuit
1094 3032 1127 3090 in
1147 3031 1334 3107 antistropha
1354 3030 1430 3093 νᾶεε

286 3152 390 3193 versus
406 3135 468 3193 560
482 3132 691 3208 intelligantur
704 3135 823 3208 oportet
836 3134 965 3207 caedem,
978 3152 1052 3209 quac
1067 3134 1162 3204 antea,
1178 3131 1334 3207 siquidem,
1350 3132 1430 3208 quod

286 3237 369 3309 puto,
388 3231 598 3307 πανώλεθροι
613 3235 643 3291 55
658 3252 733 3308 quae
747 3234 878 3293 ciusdem
893 3235 986 3309 etymi
1005 3233 1176 3293 vetustioris
1192 3237 1261 3292 sunt
1275 3234 1429 3293 commatis

288 3336 395 3408 omnia,
417 3335 539 3394 collecta
560 3333 638 3409 apud
652 3332 836 3393 Lobcckium
850 3334 887 3392 ed
901 3333 1013 3410 Phryn.
1029 3354 1058 3410 p.
1075 3335 1145 3407 705,
1161 3352 1223 3393 555
1236 3335 1295 3395 nisi
1309 3335 1429 3409 passivo
1458 3335 1463 3342 '

287 3435 456 3512 significatu
470 3436 659 3509 usurpentur.
689 3435 848 3495 scholiasta
861 3434 887 3492 B
904 3436 934 3493 et
948 3435 1043 3494 editor
1058 3433 1179 3511 quidam
1194 3436 1330 3512 egregius
1346 3454 1429 3496 secus

287 3538 430 3596 statuunt.
459 3538 565 3594 neutra
584 3537 685 3592 tamen
703 3535 949 3610 interpretatione
968 3554 1065 3611 neque
1084 3535 1145 3594 5115
1166 3537 1345 3595 correctione
1366 3555 1429 3596 ver·

288 3656 338 3696 sus
354 3638 508 3713 proximus
529 3636 712 3695 commodius
732 3635 936 3711 superioribus
956 3636 1085 3710 accedit,
1107 3655 1196 3712 quam
1219 3638 1428 3714 sequentibus3

290 3738 447 3810 locutione,
463 3737 523 3797 nisi
537 3736 634 3812 fallor,
650 3737 687 3795 ab
702 3737 794 3811 epicis
809 3738 973 3812 desumpta,
988 3737 1068 3812 apud
1083 3755 1156 3811 quos
1172 3732 1245 3798 οἷον
1261 3735 1310 3812 δή,
1326 3733 1379 3798 οἶα
1395 3736 1431 3800 δὲ

290 3835 341 3898 καί
357 3839 520 3897 orationem
541 3838 730 3898 continuant:
755 3838 792 3897 Il.
810 3840 864 3911 17,
881 3839 956 3913 587,
978 3835 1079 3912 Apoll.
1094 3836 1150 3895 Ith.
1167 3839 1202 3910 3,
1219 3839 1290 3897 381.
1324 3857 1429 3899 versus

291 3938 351 3998 565
373 3938 489 4014 aliquot
507 3939 604 3998 modis
627 3939 777 3998 conciliari
791 3942 916 4014 poterat
946 3938 1067 3997 initium
1080 3937 1219 4014 strophae
1234 3939 1378 3998 secundae
1394 3958 1430 3998 ex

288 4040 492 4099 emendatione
507 4040 688 4099 Blomfieldii
702 4039 779 4099 dedi.
926 4097 929 4102 .

337 4169 340 4174 Δ
371 4141 406 4200 P.
421 4160 496 4201 11111
517 4140 578 4220 (vv.
594 4143 654 4201 572
676 4142 713 4199 ad
736 4137 810 4223 615)
830 4141 929 4201 scriba
951 4139 1041 4198 Laur.
1056 4144 1174 4216 praeter
1193 4129 1354 4218 scripturas
1368 4145 1429 4203 tres

287 4262 337 4303 vv.
354 4243 415 4303 576
431 4244 491 4302 582
509 4245 580 4317 607,
602 4262 675 4319 quas
690 4261 782 4319 prope
798 4243 878 4303 solus
893 4242 1031 4314 servavit,
1047 4241 1189 4318 pleraque
1205 4242 1276 4302 satis
1289 4244 1429 4304 mendose

287 4346 318 4402 et
337 4342 530 4420 indiligenter
549 4345 713 4419 perscripta
733 4344 822 4416 dedit,
844 4344 895 4402 vix
914 4346 1015 4402 tamen
1034 4347 1070 4401 55
1088 4343 1121 4402 in
1135 4344 1331 4419 gravioribus,
1347 4344 1430 4405 velut

286 4444 340 4503 illo
355 4439 413 4520 ἐρα
428 4446 501 4522 580,
522 4443 656 4520 dignosci
670 4446 778 4520 possit,
793 4463 867 4504 num
880 4444 946 4520 ipse
961 4444 1135 4519 corruperit.
1164 4462 1194 4503 v.
1210 4445 1271 4503 594
1287 4445 1367 4520 quod
1382 4465 1428 4504 cx·
1545 4453 1547 4455 ’
1568 4489 1574 4496 .

287 4548 421 4605 araverat
440 4541 553 4619 ἀλκᾶς,
574 4544 694 4605 refinxit
713 4541 824 4621 ἀλκῆς,
844 4564 916 4605 usus
932 4545 1067 4604 fortassis
1082 4545 1165 4604 varia
1179 4545 1325 4620 scriptura
1339 4545 1428 4604 adno-

339 4678 446 4728 namn,
461 4678 545 4716 Arsen
559 4687 620 4718 nnus.
1210 4662 1227 4710 4
