3659 5600
760 550 963 606 „IX-

292 713 366 774 ante
389 733 483 794 quam
505 712 704 795 exploratum
731 713 829 776 fuerit
856 713 894 777 de
915 736 1022 777 rerum
1049 714 1248 799 publicarum
1271 717 1355 795 statu
1378 715 1431 798 qui

92 841 96 849 ·
159 859 171 886 ι
291 829 352 891 fuit
374 828 526 893 archonte
542 830 693 914 Menone3
716 830 750 894 id
772 831 856 914 quod
877 831 1099 895 difficultatem
1119 831 1225 897 habet.
1262 855 1337 897 nam
1360 855 1432 897 cum

292 968 372 1030 quae
392 946 471 1010 foris
494 948 533 1010 ab
556 947 806 1012 Atheniensibus
834 953 926 1033 gesta
948 953 1022 1014 sunt
1049 951 1140 1014 annis
1169 950 1349 1033 duodecim,
1378 951 1432 1034 qui

291 1064 421 1128 fuerunt
447 1086 465 1127 a
493 1068 606 1148 coepto
633 1066 829 1151 principatu,
858 1069 1040 1131 summatim
1070 1072 1102 1131 et
1129 1068 1245 1155 ordine,
1266 1068 1433 1133 tradantur

230 1174 234 1181 ’
266 1207 268 1209 ’
291 1181 375 1264 apud
397 1181 615 1265 Thucydidem
640 1187 670 1266 l,
694 1185 735 1249 98
751 1185 790 1248 ad
807 1186 882 1267 101,
906 1190 1085 1269 temporum
1106 1186 1224 1250 indicia
1245 1187 1330 1270 apud
1352 1187 1432 1250 alios

291 1300 384 1363 aliter
406 1301 577 1384 scriptores
599 1302 727 1385 prodita
748 1303 902 1366 fluctuant
924 1303 1104 1388 insigniter,
1141 1325 1250 1388 pugna
1271 1304 1310 1367 ad
1332 1304 1432 1387 Eury-

291 1418 473 1481 medontem
503 1440 522 1481 a
546 1418 689 1483 Diodoro
716 1420 852 1484 refertur
879 1421 920 1484 ad
950 1408 1140 1485 archoncem‘
1157 1421 1380 1486 Demotionem
1403 1444 1431 1485 a.

292 1535 366 1600 Chr.
384 1534 581 1601 OOOOLXX
602 1540 657 1601 aut
677 1537 842 1603 LXVHII.
883 1537 916 1601 id
938 1539 966 1602 si
988 1539 1136 1603 credibile
1159 1544 1255 1623 esset,
1278 1540 1316 1603 de
1338 1541 1432 1605 rebus

291 1656 441 1737 quattuor
468 1654 619 1718 sexennio
647 1656 764 1740 gestis,
796 1655 902 1738 Eone,
937 1655 1034 1739 Scyro
1064 1657 1267 1740 expugnatio,
1299 1658 1437 1741 Carysto·

291 1775 324 1835 et
337 1771 430 1851 Naxo
453 1772 619 1857 subiectis,
641 1774 722 1837 ratio
743 1773 817 1836 iniri
838 1773 984 1837 fortassis
1006 1776 1146 1857 poterat:
1174 1775 1350 1858 suspicatus
1365 1775 1432 1858 ipse

291 1912 377 1954 eram
405 1889 519 1955 Glauci
550 1891 693 1954 fabulam
721 1890 813 1954 Naxo
843 1892 991 1955 ascivisse
1023 1895 1159 1975 poetam.
1201 1914 1295 1956 nemo
1323 1894 1430 1956 tamen

290 2009 385 2073 hodie
407 2008 542 2073 Diodori
563 2009 659 2073 fidem
681 2009 769 2072 illam
791 2009 941 2092 sequitur.
981 2010 1109 2093 probari
1131 2010 1214 2074 solet
1234 2009 1431 2092 Plutarchus,

291 2127 344 2211 qui
367 2125 632 2192 OOOOLXVIIII
658 2126 810 2191 archonte
832 2126 1038 2210 Apsephione
1061 2128 1159 2210 Scyro
1186 2127 1305 2191 redisse
1328 2126 1432 2192 Oimo-

289 2267 364 2307 nem
392 2248 510 2308 narrat.
555 2245 611 2309 sed
638 2246 683 2308 ita
711 2245 846 2329 seilicet,
878 2244 963 2327 quod
992 2247 1032 2307 ad
1053 2244 1247 2327 Aeschylum
1273 2244 1432 2328 pertinere

290 2362 407 2445 possit,
435 2361 517 2425 nihil
544 2365 671 2445 praeter
698 2365 822 2446 captam
849 2361 974 2426 Eonem
1003 2363 1149 2449 restabit3
1184 2384 1280 2446 quam
1306 2363 1431 2446 expedi-

290 2481 412 2544 tionem
439 2480 493 2562 qui
522 2501 606 2543 anno
636 2479 881 2545 OOOOLXXVI
909 2481 1087 2545 attribuunt
1119 2484 1250 2565 propter
1285 2480 1430 2545 scholion

290 2597 460 2662 Aeschinis
476 2597 561 2681 quod
576 2599 819 2662 commemorari
838 2620 868 2681 p.
881 2599 937 2681 60,
958 2620 1034 2662 nam
1049 2599 1179 2663 memini
1193 2598 1276 2682 fieri,
1297 2601 1432 2681 possunt

290 2716 338 2780 uti
360 2716 589 2802 epigrammate
611 2715 694 2799 apud
716 2715 922 2780 Plutarchum
945 2715 1026 2782 cim.
1049 2716 1127 2800 Vll,
1150 2717 1269 2798 inquo
1292 2719 1341 2780 est
1361 2717 1431 2795 ἡγε-

200 2925 202 2928 .
291 2837 432 2918 μόνεεει,
453 2838 532 2919 puto
553 2838 663 2899 tamen
685 2835 724 2899 de
746 2835 878 2901 Cimone
899 2835 980 2899 falli.

374 2953 444 3018 Nec
475 2953 514 3017 de
540 2954 634 3018 rebus
663 2953 846 3018 domesticis
874 2953 1119 3017 Atheniensium
1146 2953 1317 3036 quidquam
1349 2953 1431 3017 tradi

290 3073 428 3155 videtur,
452 3072 491 3136 de
512 3075 660 3155 praetura
681 3072 839 3154 Cimonis,
862 3075 917 3134 aut
939 3070 977 3135 de
1000 3091 1084 3133 anno
1107 3092 1169 3153 quo
1191 3070 1312 3134 Menon
1334 3070 1431 3135 Phar·

290 3191 387 3255 salius
411 3190 538 3254 civitate
560 3189 694 3253 donatus
716 3192 846 3273 propter
867 3190 1019 3253 auxilium
1042 3189 1081 3252 ad
1097 3187 1221 3252 Eonem
1242 3188 1431 3271 praestitum

292 3307 471 3391 (Demosth.
499 3307 534 3370 in
562 3307 716 3372 Aristocr.
745 3311 765 3389 ξ
796 3307 872 3390 199,
905 3309 978 3388 περὶ
1006 3328 1090 3374 corr.
1121 3306 1232 3392 523),
1265 3308 1320 3369 aut
1346 3306 1431 3390 quod

290 3398 389 3507 aliqui
411 3424 541 3488 adrem
568 3424 675 3490 faciat.
719 3425 946 3509 experiendum
966 3429 1028 3509 est,
1055 3446 1132 3488 num
1156 3424 1302 3508 trilogiae
1325 3423 1431 3506 explo-

289 3543 414 3606 ratione
436 3542 476 3605 ad
499 3563 551 3606 eas
573 3564 624 3606 res
639 3542 775 3607 urbanas
798 3564 834 3607 ac
848 3544 1018 3626 populares
1033 3542 1191 3626 perveniri
1211 3541 1329 3625 possit,
1352 3562 1431 3624 quae

290 3681 393 3746 agone
417 3661 677 3744 continebantur3
705 3659 818 3724 deinde
840 3661 880 3724 ab
905 3660 956 3724 his
978 3660 1019 3723 ad
1045 3682 1096 3723 res
1118 3662 1240 3724 exteras
1263 3663 1295 3723 et
1323 3658 1430 3722 civiles

289 3779 396 3843 rediri.

375 3895 604 3981 Inquirendum
632 3899 695 3979 est,
723 3917 803 3978 quae
829 3893 931 3958 tribu's
954 3916 1023 3959 cam
1050 3895 1214 3980 trilogiam
1242 3895 1276 3956 in
1303 3916 1430 3958 scenam

289 4015 486 4098 produxerit,
509 4015 660 4098 quoniam
680 4014 825 4078 tribubus
848 4013 982 4097 singulis
1004 4015 1118 4099 poetae
1140 4012 1277 4088 scribere
1301 4033 1430 4076 consue-

289 4136 413 4197 verunt.
462 4154 547 4196 anno
577 4131 725 4195 Menonis
753 4134 913 4196 certamen
946 4131 1043 4194 inisse
1071 4132 1216 4195 videntur
1244 4129 1430 4194 Acamantis

291 4250 407 4316 Oeneis
430 4249 599 4335 Cecropis,
627 4251 654 4313 si
682 4270 765 4313 anno
787 4249 849 4313 DX
878 4253 1026 4333 coeptum
1053 4250 1180 4331 oportet
1199 4248 1341 4312 tribuum
1368 4251 1430 4312 ter-

289 4391 401 4433 narum
430 4369 574 4433 ordinem
602 4371 805 4452 consuetum,
836 4369 863 4432 si
890 4366 1133 4433 OOOOLXXXI
1157 4366 1291 4429 Aeantis
1319 4365 1431 4430 habuit

289 4486 442 4569 Aeschyli
469 4485 663 4550 Eumenidas
692 4486 832 4569 prioreS,
865 4483 1083 4551 OOOOLVIH
1113 4483 1286 4568 Orestiam,
1318 4489 1431 4569 postea

290 4604 437 4669 Orestem
463 4603 640 4688 Euripidis,
670 4601 898 4668 OOCOLXXX
926 4602 1114 4667 Erechtheis
1141 4624 1259 4667 novum
1286 4603 1430 4668 ordinem
