3659 5600
947 516 988 580 28

397 720 456 770 ςτρ.
474 721 508 757 α.

398 807 460 873 XO.
481 808 508 870 ὠ
531 807 648 889 πόποι,
674 807 694 887 ἦ
717 807 856 887 μεγάλας
877 806 999 883 ἀγαθάς
1024 825 1058 871 τε
1080 806 1316 885 πολιςςονόμου
1338 809 1446 886 βιοτᾶς
1467 806 1483 872 ἐ
1509 828 1539 872 ε-

1003 924 1175 1005 κόρςαμεν,

481 1043 553 1109 εὖθ’
574 1044 594 1110 δ
616 1045 748 1124 γηραιὸς
839 1026 842 1029 Δ

481 1164 664 1243 πανταρκὴς
684 1162 804 1229 ἀκάκας
825 1162 949 1243 άμαχος
971 1161 1115 1242 βαςιλεὺς

481 1280 605 1347 ίςόθεος
625 1283 768 1363 Δαρεῖος
790 1279 868 1361 άμχε
890 1280 1007 1360 χώρας.

395 1397 457 1452 ἀντ.
476 1392 510 1451 α’.

481 1497 593 1572 πρῶτα
613 1493 672 1573 μὲν
699 1492 886 1573 εὐδοκίμους
914 1493 1059 1571 ςτρατιὰς
1086 1491 1339 1575 ἀπεφαινόμεθ’,
1367 1491 1423 1570 ἠδὲ
1451 1492 1539 1572 νομί-

1003 1630 1118 1694 ςματα,
1139 1610 1278 1690 πύργινα

479 1729 598 1812 πάντ’,
617 1729 813 1797 ἐπεύθυνον·
1488 1740 1539 1788 880

450 1870 452 1879 ’
479 1848 587 1915 νόςτοι
609 1849 644 1914 δ’
665 1848 700 1914 ἐκ
721 1848 873 1929 πολέμων
895 1848 1041 1914 ἀπόνους
1063 1847 1196 1913 ἀπαθεῖς

480 1989 494 2027 κ
526 1991 540 2027 ι
572 1991 586 2030 ι
617 1966 653 2033 εὖ
675 1966 875 2048 πράςςοντας
897 1965 979 2044 ἆγον
1001 1965 1122 2034 οἴκους.

394 2099 452 2151 (το
470 2078 502 2150 β’·
1240 2158 1244 2165 ,

478 2187 574 2254 όςςας
595 2187 629 2252 δ’
650 2187 717 2253 εἷλε
738 2188 849 2253 πόλεις
869 2188 975 2268 πόρον
998 2187 1038 2253 οὐ
1061 2188 1171 2269 διαβὰς
1191 2188 1310 2252 Ἅλυος
1331 2189 1507 2267 ποταμοῖο,

480 2306 555 2372 οὐδ’
576 2306 639 2386 ἀφ’
660 2305 761 2372 ἐςτίας
784 2307 903 2390 ςυθεὶς,

479 2422 544 2489 οἷαι
567 2423 763 2505 (τρυμονίου
784 2423 948 2500 πελάγους
969 2424 1157 2504 Ἀχελωίδες
1179 2424 1235 2490 εἰςὶ
1256 2423 1407 2502 πάροικοι

479 2542 626 2626 Θρῃκίων
649 2542 817 2622 ἐπαύλων,
1487 2554 1538 2604 870

393 2658 455 2711 ἀντ.
474 2655 507 2724 β’.

482 2761 593 2842 λίμνας
613 2763 646 2828 τ>
667 2763 797 2829 ἔκτοθεν
820 2763 854 2828 αἳ
875 2763 955 2830 κατὰ
970 2763 1084 2844 χέρςον
1104 2764 1295 2844 ἐληλαμέναι
1311 2763 1384 2843 πέρι
1401 2761 1538 2848 πύργον,

480 2881 575 2947 τοῦδ’
596 2881 735 2948 ἄνακτος
755 2880 845 2966 ἄιον,

477 2999 592 3065 Ἕλλας
613 3000 646 3064 τ’
667 2998 749 3081 ἀμφὶ
770 2999 876 3080 πόρον
898 3001 1023 3066 πλατὺν
1046 3000 1243 3084 εἰλλόμεναι,
1271 3000 1367 3083 μυχία
1393 3021 1429 3067 τε
1450 3002 1536 3081 Προ·

1000 3120 1130 3204 ποντὶς,
1486 3130 1537 3180 878

477 3238 530 3302 καὶ
550 3236 699 3317 ςτόμωμα
719 3238 859 3304 Πόντου.

393 3370 452 3422 ςτρ.
469 3352 504 3421 γ’.

479 3448 598 3514 νάςους
619 3449 664 3533 8’,
686 3448 720 3515 αἳ
741 3450 822 3515 κατὰ
842 3449 952 3529 πρῶχ’
972 3447 1065 3515 ἅλιον
1088 3449 1304 3533 περίκλυετοι,
1488 3462 1537 3511 ειν

479 3572 519 3651 τᾷ
540 3569 577 3633 δὲ
597 3572 640 3651 γᾷ
661 3568 872 3650 προςήμεναι,

478 3685 532 3751 οἵα
552 3686 688 3767 Λέςβος,
710 3673 904 3767 ’ἐλαιόφυτός
926 3705 961 3751 τε
984 3685 1100 3768 (άμος,
1125 3686 1216 3778 Χίος,
1315 3726 1317 3730 -
1487 3697 1538 3748 884

476 3804 534 3882 ἠδὲ
555 3804 683 3885 Πάρος,
704 3781 827 3887 Νάξος,
851 3804 1020 3887 Μόκονος,
1042 3804 1137 3887 Τήνῳ
1158 3824 1193 3869 τε
1214 3803 1411 3871 ςυνάπτους’
1519 3882 1522 3888 ,

476 3922 613 4002 Ἀνδρος
633 3921 835 4001 ἀγχιγείτων,

394 4041 454 4095 άντ.
471 4033 506 4105 γ’.

476 4143 606 4209 καὶτὰς
627 4140 802 4222 ἀγχιάλους
823 4143 975 4222 ἐκράτυνε
998 4143 1206 4226 μεςάγκτους,

477 4261 622 4343 Λῆμνον,
644 4259 767 4341 Ἰκάρου
788 4260 821 4325 8’
843 4260 927 4326 ἕδος.
1486 4273 1538 4323 880

476 4379 528 4443 καὶ
549 4378 681 4460 Ῥόδον,
704 4377 761 4456 ἠδὲ
785 4379 918 4455 Κνίδον,
942 4379 1081 4458 Κυπρίας
1102 4398 1137 4444 τε
1159 4380 1285 4464 πόλεις,
1306 4378 1443 4462 Πάφον,

475 4498 533 4576 ἠδὲ
556 4496 693 4580 (όλους,
716 4496 877 4578 (αλαμῖνά
899 4517 947 4574 τε,
974 4500 1030 4563 τᾶς
1052 4500 1111 4563 νῦν
1134 4496 1330 4577 ματρόπολις
1351 4498 1452 4564 τῶνδ’

476 4614 559 4681 αἰτία
581 4619 780 4695 ςτεναγμῶν,
1486 4626 1536 4676 888
