3659 5600
945 526 988 592 62

391 739 518 781 mannus
537 719 575 780 61.
597 719 693 780 66666.
713 738 754 778 m.
774 720 803 795 6.
820 718 897 795 714;
919 736 992 793 quae
1012 717 1122 779 redibit
1142 738 1171 776 v.
1193 720 1264 782 961.
1294 717 1535 781 1)16666111616ν

391 841 447 897 666
462 816 535 885 οἷον
549 840 610 880 666
624 820 753 879 multum
767 818 878 892 aberat,
902 818 975 894 quin
990 818 1155 894 suspicarer
1168 819 1200 876 in
1215 818 1368 879 obfuscata
1381 819 1536 895 paululum

390 921 479 982 Laur.
495 923 644 998 scriptura
658 922 775 981 adesse:
797 915 960 994 ἀνάκτορα
973 920 1093 997 egregie
1107 920 1249 979 restituit.
1286 921 1451 997 scripturae
1464 917 1534 980 Δα-

391 1023 485 1097 ριᾶνα
505 1023 621 1082 nullum
641 1024 674 1081 in
695 1023 769 1081 meis
789 1021 891 1094 libris,
911 1040 949 1079 ne
970 1040 999 1080 ν.
1016 1021 1076 1080 662
1099 1020 1226 1096 quidem,
1252 1021 1305 1080 ubi
1324 1021 1414 1080 Laur.
1434 1020 1534 1093 habet,

393 1125 555 1201 vestigium
570 1126 626 1184 666.
656 1123 724 1182 1666
740 1122 851 1199 pendet
865 1140 969 1181 versus
985 1123 1045 1181 666
1061 1122 1244 1198 emendati0;
1260 1141 1349 1198 quam
1362 1121 1536 1181 Dindorfius

391 1227 564 1301 ceteroquin
585 1225 694 1300 oppido
714 1224 823 1283 bonam
845 1223 938 1282 dedit.
981 1224 1069 1299 posui
1093 1241 1197 1284 vocem
1216 1223 1435 1299 Herodoteam;
1456 1222 1536 1298 plus-

391 1325 607 1401 quamperfecti
618 1325 779 1385 efficaciam
791 1343 855 1385 6666
867 1324 1010 1400 putabam
1020 1325 1052 1382 in
1066 1323 1209 1384 elevanda
1222 1328 1441 1400 postremorum
1452 1324 1537 1383 Darii

392 1445 539 1486 annorum
554 1426 686 1487 infausta
700 1428 852 1499 memoria,
869 1444 943 1502 quae
958 1425 1053 1503 epodo
1071 1427 1250 1485 continetur.

474 1529 510 1588 P.
525 1548 577 1588 666
599 1526 661 1606 (vv.
680 1530 741 1588 660
759 1528 796 1585 66
816 1524 889 1604 706)
908 1526 1004 1586 scriba
1019 1528 1231 1603 quaternionis,
1252 1526 1284 1585 in
1299 1531 1431 1585 extrema
1451 1529 1536 1602 parte

388 1629 509 1702 laboris,
525 1629 614 1689 solito
630 1647 733 1688 eorum
747 1623 902 1687 hominum
912 1647 994 1687 more
1009 1627 1138 1704 plurima
1151 1628 1308 1704 pervertit.
1337 1628 1420 1686 dedit
1434 1648 1464 1687 ν.
1475 1629 1535 1686 664

391 1726 487 1792 ἁκακε
507 1728 699 1805 66666661,
722 1731 782 1789 675
803 1729 928 1791 ruit-ut
947 1727 977 1791 61
997 1731 1081 1806 tuuc
1100 1730 1131 1790 δι
1153 1725 1214 1801 ord
1235 1725 1287 1790 ev’
1306 1723 1451 1805 ἁμαρτια,
1475 1730 1534 1787 679

389 1827 422 1894 ἐξ
445 1827 583 1908 έ-φηντ’
609 1833 672 1891 680
691 1825 789 1891 ἄναες
809 1824 923 1909 ἀνᾶεε,
944 1831 1005 1889 682
1026 1827 1152 1909 πόλεις,
1174 1832 1234 1889 687
1250 1829 1399 1909 αγογοῑε,
1424 1831 1484 1889 693
1499 1825 1536 1893 ἐν

391 1929 511 2011 βριθὲε,
532 1934 593 1992 698
608 1931 696 2010 μῆτι,
719 1932 779 1992 706
795 1947 862 1992 των
878 1928 991 2008 opitu
1005 1947 1068 2007 μοι,
1095 1932 1196 1990 omisit
1211 1932 1271 1989 697
1287 1930 1466 1991 vocabulum
1480 1947 1536 1991 πε-

390 2030 566 2108 πειεμένοε,
582 2035 702 2108 praeter
715 2032 831 2090 minora
846 2050 955 2108 magno
969 2051 1092 2092 numero
1108 2036 1139 2091 et
1152 2052 1226 2109 quae
1237 2032 1318 2106 apud
1328 2031 1534 2091 Hermanuum

389 2135 427 2193 66
449 2155 498 2196 vv.
516 2136 576 2193 679
599 2135 659 2193 689
683 2136 744 2193 693
766 2134 827 2193 696
842 2132 881 2192 H.
903 2137 1040 2193 66666-
1054 2135 1113 2193 nisi
1135 2134 1215 2210 quod
1234 2133 1536 2192 66677161666661-

390 2235 615 2294 memorandum
635 2235 745 2293 6616-
765 2234 957 2293 adnotantur.
993 2254 1026 2293 66
1047 2254 1114 2294 cum
1134 2254 1170 2293 ex
1191 2254 1300 2310 magna
1319 2238 1404 2310 parte
1425 2233 1535 2293 adior·

391 2337 476 2394 thota
496 2338 665 2409 attrectata,
687 2336 824 2412 suppleta
840 2336 910 2408 sint,
934 2353 996 2394 non
1010 2336 1086 2395 nihil
1100 2336 1258 2395 interferat
1272 2336 1351 2408 sciri,
1366 2354 1439 2392 num
1453 2334 1536 2392 adid

390 2437 449 2495 6116
469 2436 548 2495 libro
571 2456 660 2512 quam
682 2456 741 2513 quo
760 2437 825 2511 ipse
846 2435 953 2509 scriba,
974 2455 1045 2496 usus
1065 2438 1165 2499 fuerit.
1201 2437 1285 2496 velut
1305 2437 1337 2495 in
1351 2457 1381 2496 ν.
1397 2437 1468 2509 664,
1484 2436 1536 2493 661

392 2538 465 2597 fecit
487 2536 627 2612 δαρειὰν.
649 2534 691 2611 oi,
714 2538 740 2597 si
760 2556 795 2596 ox
815 2537 919 2596 eodem
938 2538 1016 2597 libro
1037 2554 1065 2598 ει
1085 2539 1117 2596 16
1138 2539 1324 2598 rmutavisse
1338 2540 1486 2614 putemne,
1501 2539 1536 2594 ut

389 2639 553 2698 novissime
574 2640 695 2715 scripsit
709 2638 888 2712 Dindorfius,
910 2655 938 2700 ει
952 2639 1043 2697 166616
1057 2639 1171 2698 6661666
1186 2657 1279 2712 error,
1300 2641 1335 2696 ut
1350 2642 1396 2697 666
1412 2639 1487 2714 682,
1510 2639 1536 2696 61

392 2758 403 2802 ι
422 2741 481 2798 fuit
500 2760 517 2798 6
539 2740 637 2816 prima
656 2758 756 2814 61666,
779 2742 814 2797 66
834 2758 891 2817 ego
912 2741 1033 2800 enotavi
1052 2743 1082 2799 et
1101 2740 1273 2800 Dindorfius
1287 2742 1320 2798 16
1334 2739 1436 2798 1166116
1454 2741 1534 2800 1868

390 2860 442 2916 pp.
459 2843 590 2916 30668,
613 2841 775 2916 optabilius
797 2845 843 2900 est
863 2841 901 2900 ad
919 2861 983 2900 rem
999 2861 1074 2918 6666
1088 2842 1196 2919 agitur,
1212 2845 1246 2899 ut
1261 2858 1288 2902 ει
1303 2843 1429 2901 ascitum
1444 2841 1536 2900 fuerit

391 2961 407 3000 e
422 2942 522 3001 codice
536 2943 658 3002 minoris
672 2943 771 3018 pretii,
787 2942 901 3001 scilicet
916 2961 958 3015 eo,
973 2945 1024 3019 qui
1037 2962 1177 3019 perversa
1191 2942 1252 3015 illa,
1269 2945 1331 3003 670
1342 2940 1459 3005 νεολέα
1474 2944 1535 3002 692

392 3039 525 3119 τάχυνα,
541 3046 576 3101 66
589 3044 649 3101 mei
663 3043 799 3119 plerique
813 3043 934 3116 hahent,
950 3043 1164 3119 suppeditavit.
1193 3044 1270 3101 nihil
1285 3045 1429 3119 explorati
1444 3047 1490 3103 666
1505 3044 1536 3101 16

390 3143 443 3216 616,
467 3161 540 3219 6666
560 3143 659 3202 verbis
682 3145 863 3203 continuatis
884 3163 901 3201 6
922 3145 1050 3203 secunda
1069 3164 1173 3217 manu,
1194 3148 1229 3202 ut
1249 3146 1395 3220 superiori
1415 3145 1535 3221 pagina,

393 3245 507 3304 inserta
521 3247 607 3318 sunt,
630 3247 689 3304 676
706 3246 736 3305 δι
752 3240 812 3317 αγό
828 3242 898 3307 εν6’
918 3241 1055 3321 ἁμάρτια
1075 3245 1338 3306 166166611666666
1353 3247 1535 3321 apostropha

392 3348 446 3403 aut
461 3346 613 3418 coronide,
636 3365 711 3421 quae
731 3346 842 3420 aderat,
866 3346 1027 3421 eademque
1048 3350 1118 3421 6666
1138 3367 1204 3406 earn
1221 3348 1364 3422 repetita,
1388 3349 1448 3406 677
1465 3349 1535 3406 687.

394 3465 468 3523 quae
489 3449 589 3505 autem
610 3465 700 3522 supra
715 3447 844 3522 ascripta
864 3450 949 3519 sunt,
969 3449 1004 3504 66
1018 3464 1038 3522 6
1054 3465 1141 3523 66666
1155 3452 1315 3523 utrumque
1330 3464 1351 3508 α
1365 3448 1397 3506 16
1411 3447 1536 3509 ταῖς-αἳ

392 3547 463 3621 676,
485 3563 517 3608 οι
537 3564 666 3622 666666
687 3549 720 3606 16
740 3546 838 3623 φηντ’
860 3550 930 3622 679,
950 3547 1044 3606 habeo
1064 3567 1116 3608 cur
1129 3549 1232 3609 eadem
1246 3549 1379 3608 exilitate
1393 3549 1536 3607 adnotata

391 3648 424 3706 in
438 3648 601 3723 archetypo
616 3648 707 3707 fuisse
721 3651 833 3724 putem.

476 3748 565 3807 Laur.
586 3752 692 3807 neutra
713 3768 765 3808 666
787 3769 878 3808 manu
895 3752 1014 3826 praeter
1034 3750 1263 3826 orthographica
1291 3752 1435 3827 quaedam
1459 3771 1534 3812 saco.

392 3849 467 3908 XIII
481 3849 631 3924 corrumpi
651 3831 739 3908 solita
759 3850 922 3926 quidquam
936 3851 1076 3923 servavit,
1093 3852 1172 3925 quod
1188 3851 1267 3911 absit
1280 3870 1402 3927 prorsus
1417 3872 1434 3910 6
1448 3852 1534 3912 libris

390 3951 479 4024 meis,
501 3969 626 4025 quorum
648 3951 827 4011 vetustiores
847 3952 960 4010 leviora
978 3952 1059 4011 111166
1078 3952 1186 4010 menda
1206 3953 1341 4012 devitant
1361 3972 1462 4013 omnes
1484 3973 1533 4012 vv.

393 4052 453 4110 679
471 4051 532 4113 682
549 4052 609 4111 688
626 4052 686 4110 693
704 4052 764 4110 694
781 4053 857 4112 7066
871 4049 983 4128 τιάρα(
995 4053 1065 4126 661,
1081 4046 1287 4127 ὀρθιάζοντες
1298 4055 1369 4128 687,
1380 4050 1409 4114 τί
1424 4051 1455 4114 δ’
1473 4056 1533 4114 693

392 4151 567 4211 Τ6161161661
589 4154 708 4209 tantum
730 4171 784 4212 noc
799 4171 910 4225 666666,
932 4154 984 4229 661
998 4153 1089 4211 etiam
1103 4153 1160 4212 soli
1177 4156 1235 4214 701
1253 4150 1357 4230 δίομαι
1373 4158 1403 4213 66
1417 4150 1535 4231 (puchou

391 4255 422 4310 et
444 4252 504 4311 664
526 4252 634 4311 omisso
654 4269 698 4313 τε.
733 4253 858 4313 1616616
881 4254 1100 4313 difficilioribus
1120 4273 1221 4314 666666
1241 4273 1387 4314 66666666
1407 4255 1534 4315 61166666

392 4352 472 4428 6666
493 4353 617 4428 6666166
636 4371 707 4411 vero
729 4352 769 4412 sit
785 4354 988 4429 6666611666,
1004 4350 1143 4417 δυνάετα
1158 4356 1228 4428 676,
1244 4351 1385 4428 δῑάγοιεν
1402 4358 1440 4414 67
1444 4358 1461 4414 7
1465 4399 1473 4414 .
1501 4357 1534 4414 16

390 4452 515 4528 66116616
530 4455 582 4511 666
597 4456 763 4529 sequuntur
777 4455 857 4529 ipsas
872 4454 960 4514 Laur.
980 4456 1132 4528 minutias,
1155 4456 1284 4515 6666166
1299 4456 1478 4530 discrimina,
1499 4459 1534 4514 66

391 4553 462 4625 692,
482 4556 535 4611 666
549 4553 706 4613 discedunt
719 4554 751 4613 in
765 4556 926 4630 scripturas
940 4556 1079 4615 bifariam
1093 4557 1228 4630 66661666,
1250 4552 1385 4632 ἁμάρτια
1399 4552 1534 4633 ἁμαρτία
