3659 5600
936 516 979 580 54

390 712 471 772 tivus
493 706 645 772 δύελεκτα
664 710 706 769 111
724 707 909 785 iungendus,
929 708 977 769 cui
998 703 1105 782 λέξαι,
1126 725 1202 781 quae
1219 710 1282 766 iam
1302 708 1378 774 dici,
1398 705 1531 782 prolapsi

387 813 513 890 quadam
527 830 588 870 non
601 810 724 869 insolita
737 809 885 870 adiectum
899 812 956 869 est.
987 809 1038 870 sed
1052 808 1171 868 videtur
1185 808 1255 867 hinc
1269 807 1437 866 confirmari
1451 808 1531 882 quod

388 913 584 985 coniciebam,
605 911 727 971 chorum
746 929 808 970 non
827 914 998 986 expectasse
1020 911 1226 986 adpariturum
1245 908 1384 980 Darium,
1413 903 1530 971 ἀνακα-

388 1014 490 1076 λεῖεθε
504 1035 534 1073 v.
551 1015 610 1073 621
626 1012 816 1086 intellexisse,
831 1015 922 1088 prout
937 1012 1046 1071 dicitur
1061 1011 1151 1086 Soph.
1168 1010 1268 1069 Traeh
1288 1012 1358 1082 910,
1373 1009 1454 1084 alibi,
1469 1029 1531 1069 non

388 1117 434 1175 uti
448 1112 922 1187 11111611111.688,111111111
938 1114 997 1172 659
1006 1132 1071 1189 sqq.
1087 1113 1154 1189 piae
1168 1111 1326 1171 memoriae
1341 1112 1531 1187 potissimum

388 1216 637 1295 significationem
649 1215 756 1275 inesse.

472 1367 586 1444 Pagina
600 1386 667 1427 xvir
681 1364 743 1445 (vv.
760 1369 821 1427 706
837 1365 875 1425 ad
891 1363 965 1442 748)
980 1365 1078 1441 prima
1092 1367 1138 1424 est
1152 1384 1267 1437 earum,
1283 1365 1315 1423 in
1330 1365 1437 1440 quibus
1451 1364 1531 1425 litte·

391 1489 493 1532 rarum
508 1471 539 1528 et
553 1468 680 1544 apicum,
695 1468 853 1527 liturarum
868 1469 899 1526 11
913 1486 1055 1525 manuum
1071 1467 1184 1526 acriore
1201 1466 1292 1525 etiam
1306 1485 1394 1542 quarn
1409 1467 1531 1526 antehac

390 1570 590 1646 vestigatione
611 1588 684 1646 opus
699 1571 755 1643 est,
777 1571 846 1646 quia
861 1569 1055 1640 diorthoseos,
1072 1587 1161 1644 quam
1178 1567 1324 1642 inpriore
1339 1567 1531 1643 quaternione

387 1671 638 1747 nuncupavimus,
659 1671 748 1748 longe
768 1671 886 1730 diversa
906 1672 953 1730 111
973 1669 1059 1728 ratio.
1088 1668 1169 1727 idem
1183 1668 1262 1728 enim
1275 1668 1364 1727 homo
1380 1687 1415 1728 ex
1429 1670 1532 1729 eodem

387 1773 475 1846 libro,
491 1792 527 1831 ex
542 1791 602 1847 quo
617 1774 784 1847 superiora,
808 1772 978 1832 emendavit
993 1790 1066 1847 quae
1080 1789 1098 1828 a
1111 1770 1207 1845 prima
1221 1789 1312 1828 manu
1326 1772 1436 1847 scripta
1450 1773 1532 1831 inve·

387 1874 435 1934 nit
448 1877 479 1933 11
494 1873 606 1933 scholia
620 1873 742 1933 adiecit:
765 1873 817 1933 sed
832 1874 929 1948 prima
944 1893 978 1932 ea
991 1890 1096 1930 manus
1117 1870 1205 1945 plane
1221 1875 1267 1930 est
1283 1871 1400 1931 diversa
1413 1876 1445 1933 et
1459 1874 1531 1932 satis

389 1975 478 2035 certis
499 1975 660 2034 vetustatis
681 1965 761 2033 notis
782 1975 926 2051 insignis,
953 1977 1057 2049 estque
1075 1991 1130 2031 usa
1149 1972 1310 2049 archetypo
1332 1961 1430 2034 multo
1456 1975 1532 2033 anti-

391 2076 505 2153 quiore,
522 2095 610 2151 quam
625 2094 712 2151 quem
726 2074 826 2135 reddit
841 2075 996 2151 quaternio
1012 2072 1136 2148 primus.
1161 2093 1266 2133 manus
1282 2074 1411 2134 secunda
1424 2076 1532 2135 abhinc

387 2177 567 2237 recensionis
594 2176 718 2250 saeculi,
747 2180 782 2236 ut
804 2180 893 2252 puto,
915 2174 987 2247 XII,
1010 2194 1099 2250 quam
1125 2175 1248 2253 eandem
1273 2179 1438 2251 sequuntur
1461 2177 1533 2237 libri

388 2279 568 2356 posteriores
589 2280 620 2336 11
640 2277 768 2350 scholia,
790 2277 961 2337 discrimina
980 2277 1136 2336 adnotavit
1153 2277 1186 2335 in
1207 2277 1402 2351 membranis,
1424 2279 1531 2354 quibus

388 2379 540 2457 paradosis
560 2374 726 2455 sacculiXI
745 2378 878 2437 nondum
897 2397 1022 2454 usquam
1043 2377 1224 2457 interpolata
1245 2379 1317 2437 satis
1332 2379 1529 2456 negligenter,

389 2480 441 2541 sed
453 2480 570 2540 utiliter
583 2479 743 2538 admodum
757 2482 875 2539 servata
888 2483 949 2539 est:
971 2480 1007 2539 de
1022 2499 1079 2555 qua
1093 2499 1125 2539 re
1140 2480 1307 2555 expositum
1321 2483 1368 2540 est
1387 2480 1457 2539 libri
1471 2501 1531 2539 ma-

388 2582 460 2642 ioris
475 2601 526 2657 pp.
542 2580 561 2638 5
577 2580 615 2639 ad
631 2582 680 2640 16.

473 2732 566 2792 Nulla
579 2732 671 2791 fuisse
687 2732 808 2792 videtur
821 2733 949 2808 primae,
973 2751 1047 2809 quae
1062 2752 1141 2792 nunc
1155 2731 1333 2810 appellanda
1346 2734 1407 2806 est,
1428 2753 1532 2794 manus

389 2835 550 2895 diorthosis
565 2834 681 2894 saeculo
697 2853 750 2893 suo
765 2853 801 2893 er
815 2836 976 2911 archetypo
991 2839 1044 2895 aut
1063 2854 1117 2894 suo
1139 2837 1191 2893 aut
1210 2834 1279 2893 alio.
1309 2836 1374 2909 ipse
1393 2835 1532 2897 librarius

389 2938 469 2996 inter
484 2935 672 2995 scribendum
687 2935 830 3011 quaedam
844 2936 1023 3011 emendavit,
1038 2940 1073 2995 ut
1087 2956 1116 2995 v.
1134 2937 1194 2995 734
1209 2932 1245 2996 δέ
1259 2934 1350 3004 11δὲ,
1373 2935 1486 2999 πολῶν
1501 2938 1534 2997 11

393 3037 537 3110 πολλῶν,
555 3036 615 3095 744
631 3034 727 3097 ειδὼν
742 3034 892 3110 1111111111,
907 3038 1189 3112 interdumscalpro
1204 3037 1349 3111 adhibito,
1370 3042 1405 3097 ut
1425 3059 1454 3098 v.
1471 3041 1532 3099 729

390 3141 507 3198 mutato
528 3138 650 3214 φθαρτε
664 3138 697 3195 in
712 3138 865 3214 φθαρται,
886 3138 967 3197 alibi.
996 3158 1101 3198 manus
1116 3137 1244 3197 secunda
1257 3157 1349 3214 prope
1365 3142 1533 3217 septuagies

390 3228 553 3316 scripturas
575 3242 627 3297 aut
647 3239 752 3297 intulit
772 3240 824 3297 aut
844 3239 1016 3313 adnotavit,
1039 3259 1113 3316 quae
1127 3241 1232 3298 extant
1245 3240 1277 3297 in
1291 3238 1376 3299 libris
1391 3242 1443 3314 eis,
1459 3260 1533 3316 quos

389 3341 508 3418 paginis
529 3338 730 3416 superioribus
751 3358 818 3399 cum
837 3342 963 3416 utraque
983 3340 1071 3399 haur.
1096 3360 1187 3401 mauu
1212 3342 1368 3402 convenire
1393 3343 1532 3403 vidimus.

390 3443 560 3518 congruunt
579 3441 651 3500 haee
671 3440 763 3499 etiam
783 3441 853 3501 735.
883 3442 1025 3501 differunt
1039 3445 1158 3501 tantum
1171 3443 1251 3515 haec,
1275 3443 1354 3517 quod
1366 3463 1396 3502 v.
1413 3445 1474 3503 735
1490 3464 1533 3504 se·

390 3542 487 3602 cunda
505 3560 611 3601 manue
632 3560 668 3600 ex
688 3541 832 3603 τελευτᾶι
847 3541 1045 3604 1111τελευτᾶ
1060 3543 1157 3603 effecit
1170 3543 1333 3617 τελευτᾶν,
1350 3564 1417 3604 cum
1431 3564 1533 3605 omnes

389 3644 447 3702 mei
469 3648 632 3719 sequantur
650 3644 778 3720 primam
797 3644 895 3717 Laur,
919 3646 949 3703 et
968 3645 1049 3721 quod
1070 3646 1131 3703 744
1151 3645 1326 3718 manifesto,
1349 3647 1532 3706 72111726

390 3744 541 3821 ambigue,
562 3747 597 3802 ut
617 3745 769 3805 interdum
790 3745 879 3818 solet,
900 3741 1117 3820 11111ἥνυεεν,
1138 3764 1199 3805 non
1213 3748 1329 3805 mutato
1344 3747 1423 3822 quod
1439 3749 1500 3807 748
1515 3769 1533 3806 a

389 3845 485 3922 prima
499 3865 601 3918 manu,
618 3846 643 3905 si
658 3850 738 3907 reete
752 3847 843 3924 legas,
859 3847 1003 3922 scriptum
1016 3848 1146 3921 invenit,
1168 3843 1294 3921 ἤνυεεν.
1323 3848 1402 3923 quod
1417 3867 1444 3908 v.
1461 3849 1532 3922 724,

390 3964 451 4005 non
473 3948 548 4020 726,
569 3950 605 4005 ut
624 3947 702 4022 apud
721 3947 910 4007 Diudorfium
929 3952 988 4020 est,
1008 3949 1122 4024 primae
1142 3968 1246 4008 manus
1266 3944 1327 4008 ὧδ’
1351 3950 1481 4008 mutavit
1501 3950 1533 4008 in

392 4042 485 4121 tbcb’,
510 4049 630 4107 videtur
651 4051 785 4122 spectare
805 4049 842 4107 ad
861 4049 893 4107 id
914 4050 1080 4124 scripturae
1100 4049 1268 4122 discrimen,
1289 4049 1374 4108 cuius
1389 4069 1459 4125 pars
1474 4051 1533 4109 fuit

390 4145 511 4222 γνώμη,
526 4150 559 4207 in
573 4148 650 4208 libro
665 4168 727 4208 non
740 4150 854 4209 recenti
862 4169 928 4209 meo
940 4151 1018 4226 quod
1029 4151 1139 4209 inveni.
1163 4149 1349 4226 repperimus
1360 4150 1432 4209 talia
1443 4152 1534 4210 etiam

390 4248 424 4306 in
444 4248 655 4323 superioribus,
677 4250 788 4309 tradita
808 4253 879 4310 sunt
898 4251 948 4309 hic
966 4251 999 4309 in
1019 4251 1138 4311 scholiis
1153 4252 1191 4310 ad
1205 4271 1234 4311 v.
1251 4252 1327 4310 736:
1347 4252 1534 4327 apparebunt

393 4348 500 4408 abhinc
514 4350 623 4409 certius
638 4352 814 4426 antiquioris
830 4351 939 4411 11111111
955 4352 1136 4413 testimonio.
1161 4372 1190 4412 v.
1203 4354 1263 4414 709
1277 4348 1392 4428 εὐτυχῆ
1408 4350 1532 4428 πότμον

392 4453 423 4508 11
441 4445 568 4525 εὐτυχεῖ
587 4448 698 4532 πότμῳ
717 4470 779 4511 111
799 4454 918 4512 tantum
938 4454 1089 4512 alternant
1108 4455 1140 4512 in
1159 4454 1234 4513 meis
1255 4452 1348 4525 libris,
1365 4454 1416 4512 sed
1437 4454 1533 4530 prima

392 4570 496 4613 manus
516 4550 605 4612 Laur.
626 4554 746 4632 scripsit
767 4548 893 4630 εὐτυχεῖ
912 4550 1047 4630 πότμον,
1069 4554 1196 4614 secunda
1210 4558 1263 4613 aut
1277 4554 1373 4631 prima
1387 4555 1531 4614 correxit:
