3659 5600
939 512 980 574 42

389 705 468 782 quod
483 704 657 779 explicatur,
673 723 760 778 saepe
775 705 863 779 perit.
893 704 1008 762 factum
1020 704 1076 762 hoc
1090 703 1209 762 videtur
1222 703 1255 761 in
1269 703 1388 762 antistr.
1402 698 1428 779 β’
1443 722 1531 762 vorsu

390 806 529 879 secundo,
546 807 598 882 qui
613 825 680 866 cum
695 805 847 880 strophico
863 805 1014 865 conciliari
1028 805 1162 864 nondum
1177 806 1250 864 satis
1264 805 1377 880 potuit:
1399 805 1530 864 abstinui

389 910 426 968 ab
442 909 496 968 heo
510 911 604 985 parte,
619 927 674 967 nec
689 926 796 983 operae
810 908 941 982 pretium
954 911 1028 982 puto
1044 906 1130 967 codd.
1146 925 1279 966 meorum
1294 907 1466 966 discrimina
1480 910 1532 965 aut

391 1029 465 1087 quse
480 1011 517 1070 de
530 1028 601 1071 voce
617 1006 814 1070 διπλάκεςςιν
830 1008 985 1082 adnotavi,
1007 1029 1095 1085 quam
1110 1009 1270 1085 genuinam
1284 1028 1346 1067 non
1359 1009 1468 1081 habeo,
1484 1028 1531 1067 ex·

390 1112 492 1172 scribi.
526 1113 558 1170 in
578 1111 702 1187 reliquis
723 1111 853 1186 strophis
873 1110 1025 1186 aliquanto
1046 1112 1114 1186 plus
1136 1109 1300 1186 proficitur.
1336 1130 1364 1169 v.
1381 1111 1441 1169 256
1457 1108 1532 1168 Her·

390 1220 516 1274 mennas
536 1213 701 1273 rectissime
721 1233 755 1273 ea
774 1212 916 1285 removit,
939 1232 1015 1289 quae
1037 1213 1070 1271 in
1084 1212 1174 1271 Laur.
1190 1214 1220 1271 et
1233 1211 1349 1272 Veneto
1370 1213 1533 1272 vetustiore

390 1316 521 1392 primum
535 1314 644 1377 κῶλον
659 1314 778 1374 finiunt.
808 1315 1014 1390 antistrophae
1029 1315 1093 1374 cola
1107 1316 1214 1390 priora,
1230 1334 1304 1391 quae
1316 1314 1387 1374 olim
1401 1315 1531 1387 fuerunt,

391 1413 411 1493 ἦ
434 1412 586 1493 μακροβίο
603 1412 614 1497 Ι]
629 1433 685 1478 τος
708 1413 763 1478 ὅδε
779 1415 845 1490 κτλ,
860 1417 1009 1492 adscripto
1022 1417 1059 1475 ad
1074 1418 1110 1478 δε
1121 1433 1168 1495 γε,
1185 1417 1275 1476 simili
1286 1436 1319 1474 ac
1331 1434 1419 1492 supra
1430 1436 1459 1475 v.
1472 1417 1533 1475 218

392 1519 494 1590 modo,
518 1519 615 1578 scriba
635 1517 725 1577 Laur.
746 1518 795 1578 vel
808 1520 908 1595 potius
929 1521 1108 1579 recensionis
1129 1521 1246 1592 auctor,
1268 1537 1334 1577 cum
1349 1536 1449 1576 omnes
1464 1518 1535 1576 libri

393 1620 589 1693 consentiant,
606 1620 762 1700 paululum
777 1621 956 1681 attrectavit.
987 1621 1090 1680 eodem
1104 1622 1192 1679 modo
1207 1621 1233 1680 si
1247 1640 1276 1678 v.
1294 1620 1356 1679 280
1369 1623 1449 1678 recte
1458 1619 1534 1678 Her-

392 1740 532 1795 mannus,
554 1722 633 1799 quod
649 1721 772 1781 dubium
787 1722 882 1781 vide1i
896 1741 958 1781 non
972 1722 1091 1796 debuit,
1114 1718 1243 1796 πέμςαις
1263 1740 1367 1782 vocem
1386 1741 1442 1797 pro
1457 1721 1534 1798 glos·

393 1827 504 1883 semste
519 1825 670 1900 proximae
683 1822 773 1904 δᾴοις
783 1825 895 1896 habuit,
906 1843 1026 1884 necesse
1036 1826 1081 1885 est
1091 1823 1249 1900 aliquando
1260 1825 1293 1883 in
1308 1824 1410 1883 eodem
1421 1827 1534 1883 utrum·

393 1946 449 2001 que
464 1924 560 2007 κώλιμ
575 1927 708 2002 positum
723 1927 823 1986 fuerit.
852 1945 922 1984 nam
937 1925 1025 1984 Laur.
1039 1929 1069 1984 et
1082 1926 1217 2002 plerique
1230 1925 1301 1984 libri
1315 1926 1357 1984 ita
1372 1924 1462 1986 κῶλα
1476 1944 1535 1983 me·

392 2028 517 2099 tiuntur,
534 2024 614 2104 βοάν
630 2023 642 2107 ΙΙ
657 2024 785 2102 πὲμςαις
802 2023 813 2107 ΙΙ
828 2024 999 2100 παγκάκως
1015 2023 1027 2107 ΙΙ
1044 2049 1050 2085 :
1074 2027 1132 2086 duc
1153 2030 1271 2087 tantum
1293 2047 1329 2087 ex
1343 2028 1416 2088 meis
1432 2028 1512 2102 βοαν
1527 2020 1536 2107 ll
1630 2060 1632 2063 ·

394 2128 545 2203 δυςαιανῆ
566 2126 694 2204 πέρςαις
718 2126 808 2208 δᾴοις
830 2124 841 2208 ΙΙ
863 2124 909 2189 ὡς
934 2126 1041 2191 πάντα
1062 2124 1234 2202 παγκάκως
1261 2125 1372 2191 ἔθεςαν
1393 2125 1405 2209 ΙΙ
1426 2132 1456 2187 et
1477 2128 1536 2188 duo

393 2232 545 2306 praeterae
572 2233 756 2306 postremum
781 2232 859 2291 hunc
884 2250 1003 2290 versum
1030 2227 1042 2309 ΙΙ
1062 2228 1152 2309 δᾴοις
1179 2227 1224 2292 ὡς
1247 2263 1285 2271 -
1307 2263 1351 2273 -
1375 2226 1486 2291 ἔθεςαν
1507 2224 1535 2310 ll,

394 2352 442 2393 vv.
460 2333 539 2404 288,
561 2333 621 2392 289
643 2351 704 2391 non
725 2332 896 2407 diremptis,
920 2352 993 2408 quos
1013 2333 1071 2391 duo
1091 2333 1150 2405 illi,
1172 2351 1245 2407 quos
1266 2336 1353 2391 antea
1373 2333 1447 2405 dixi,
1468 2335 1538 2408 post

395 2429 520 2494 ἔκτιςαν
537 2434 684 2493 dividunt.
712 2434 782 2493 hinc
796 2435 891 2510 igitur
904 2453 1045 2494 versuum
1058 2453 1228 2493 mensuram
1243 2435 1393 2507 constitui,
1410 2453 1537 2510 quorum

395 2537 427 2593 in
443 2536 522 2609 281,
538 2536 599 2595 288
615 2536 755 2595 continuo
775 2556 850 2612 quae
870 2556 939 2611 pars
954 2537 1043 2595 metri
1057 2537 1208 2613 congruit,
1230 2555 1333 2596 vocem
1353 2533 1478 2597 πολλὰς
1497 2536 1537 2593 ir·

395 2636 523 2712 repsisse
537 2638 646 2715 arguit.
678 2638 769 2696 estid
784 2637 1021 2699 additamentum
1031 2638 1267 2714 Byzantinorum
1281 2639 1318 2696 ad
1329 2637 1537 2713 explicandum

395 2738 568 2816 genetivum
581 2734 761 2820 Περςὶδων,
777 2740 875 2815 qualia
888 2740 984 2799 multa
1002 2741 1034 2799 in
1050 2740 1167 2802 scholiis
1184 2743 1353 2814 occummt,
1368 2759 1398 2816 p.
1416 2741 1465 2813 79,
1482 2740 1536 2813 203

396 2841 446 2913 84,
464 2842 519 2916 3ος
536 2843 585 2914 86,
604 2843 658 2916 19,
675 2843 725 2913 88,
742 2843 771 2900 8.
800 2842 949 2916 pendebat
963 2844 1010 2902 hic
1025 2844 1180 2920 genetivus
1196 2842 1267 2902 olim
1281 2862 1317 2901 ex
1332 2839 1443 2921 μάτας,
1459 2842 1538 2917 quod

397 2940 537 3000 credibile
558 2946 604 3001 est
623 2945 739 3001 maturo
759 2943 865 3002 leviter
879 2948 1056 3020 corruptum
1070 2964 1134 3005 esse
1149 2948 1274 3020 propter
1289 2944 1473 3020 significatus
1488 2943 1537 3001 ob·

397 3044 578 3103 scuritatem.
609 3064 663 3104 nec
677 3044 764 3103 hodio
779 3046 899 3120 probari
912 3048 1013 3122 potest
1026 3050 1129 3106 notare
1143 3047 1175 3104 id
1186 3046 1420 3118 frustrationem,
1442 3047 1538 3119 despe-

396 3147 554 3214 rationem,
569 3148 731 3215 miserium,
748 3148 778 3205 ot
792 3146 884 3207 fuisse
898 3148 1041 3206 videntur
1053 3149 1138 3220 libri,
1154 3149 1205 3222 qui
1218 3148 1363 3207 haberent
1377 3143 1491 3222 pdvuc:
1507 3147 1539 3204 in

397 3264 456 3304 uno
471 3265 574 3305 eorum
589 3250 730 3322 quattuor
750 3267 823 3323 quos
844 3248 906 3307 dixi
925 3249 1083 3324 librorum,
1104 3250 1278 3309 Florentino
1300 3268 1375 3308 saec.
1391 3248 1480 3306 XIIII
1494 3249 1538 3307 in·

397 3348 513 3422 euntis,
534 3367 625 3423 supra
639 3365 657 3409 π
672 3349 816 3426 scriptum
831 3354 877 3410 ost
890 3368 920 3411 ν.
955 3349 1037 3426 μάνη
1059 3354 1105 3411 est
1124 3348 1221 3427 μανία
1242 3351 1274 3410 in
1294 3352 1402 3426 fragm.
1425 3351 1538 3409 Aristo·

396 3448 502 3523 phanis
518 3447 607 3508 CCXI
620 3470 650 3525 p.
668 3451 749 3509 1215
765 3451 805 3508 M.
847 3452 982 3512 restabat
1001 3456 1167 3529 praeterea,
1188 3457 1222 3512 ut
1241 3472 1295 3529 pro
1317 3449 1407 3531 δᾴοις
1427 3452 1538 3510 utrobi·

399 3570 455 3627 que
469 3571 499 3609 v.
515 3552 575 3610 281
592 3554 624 3610 et
637 3553 698 3613 286
719 3554 898 3613 scriberetur
912 3550 1029 3628 Δάοις,
1050 3556 1133 3615 cuius
1153 3554 1369 3614 emendationis
1390 3552 1470 3611 eliud
1491 3552 1539 3609 fir-

398 3655 580 3711 mamentum
601 3655 674 3713 mihi
693 3674 754 3714 non
780 3658 914 3732 suppetit
939 3659 1057 3732 praeter
1074 3657 1220 3716 librorum
1240 3657 1447 3716 auctoritatem
1468 3654 1539 3713 satis

399 3754 587 3813 manifestam
607 3759 638 3815 ot
651 3755 797 3817 Herodoti
818 3758 1073 3832 testimoniuml,
1091 3760 1151 3818 126
1173 3759 1208 3817 de
1229 3760 1319 3836 gente
1337 3756 1457 3816 Persica
1477 3756 1539 3814 eius

398 3855 529 3915 nominis
544 3860 575 3915 et
588 3859 754 3932 prosodiae.
785 3861 865 3919 credi
879 3862 975 3936 possit
989 3861 1140 3937 aliquanto
1159 3860 1251 3919 latius
1266 3859 1396 3935 patuisse
1412 3877 1477 3916 eam
1491 3877 1540 3932 ap·

399 3956 608 4032 pollutionem,
636 3978 691 4019 nec
717 3961 865 4020 diversam
890 3982 907 4020 a
932 3964 1040 4036 Dahis,
1065 3965 1155 4038 prout
1181 3960 1403 4050 iudicavitslac.
1425 3959 1540 4018 Grimm

400 4056 513 4131 (Gessit.
530 4061 557 4119 d.
573 4062 601 4119 d.
616 4061 682 4135 Spe.
698 4067 717 4121 1
725 4082 757 4137 p.
773 4063 866 4139 225),
887 4083 921 4124 ac
940 4066 1070 4124 voluisse
1090 4068 1210 4138 poetam
1230 4063 1397 4139 promiscue
1418 4060 1540 4120 orientis

399 4163 514 4236 gentes,
530 4158 660 4236 πρόπαν
677 4162 846 4240 βαρβάρων
857 4162 953 4238 γένος
968 4168 1044 4239 434,
1060 4165 1275 4243 adsignificare.
1310 4164 1428 4223 videtur
1441 4165 1541 4221 temen

399 4261 447 4320 hic
462 4264 494 4320 et
509 4263 569 4321 985
584 4264 665 4339 ipsos
680 4264 784 4326 Perses
799 4269 920 4328 nomine
934 4268 1142 4340 insolentiore,
1158 4267 1256 4342 qualia
1270 4266 1361 4325 habet
1375 4264 1541 4323 Herodotus

402 4364 429 4433 7,
443 4364 492 4435 61,
504 4383 522 4421 a
533 4366 659 4440 captivis
672 4368 808 4428 fortassis
820 4373 951 4445 arrepto,
963 4370 1117 4429 indicasse.
1147 4368 1292 4445 Hesychii
1303 4366 1423 4443 quidem
1432 4365 1542 4424 lemma

401 4458 509 4544 Δάος,
525 4462 678 4544 ἁγγάριος
698 4473 822 4530 accentu
843 4474 874 4530 et
893 4475 1025 4548 persica,
1045 4490 1119 4547 quae
1140 4470 1275 4542 videtur,
1296 4468 1541 4544 interpretatione

401 4567 498 4641 specie
512 4570 630 4628 tantum
644 4572 701 4632 huc
715 4573 796 4633 facit.
828 4574 982 4633 Strabonis
997 4572 1079 4633 locus
1091 4592 1121 4647 p.
1132 4572 1195 4631 304
1210 4571 1330 4630 videtur
1344 4589 1415 4630 sane
1427 4569 1541 4642 testari,
