3659 5600
830 556 871 562 -
915 534 978 579 VIII
1022 555 1064 560 -

462 685 633 769 Utriusque
659 687 772 769 poetae
800 685 1013 766 didascaliae,
1032 683 1060 746 si
1083 683 1175 746 'nulla
1197 682 1259 745 alia
1284 705 1333 765 re,
1361 681 1514 746 discretae

377 807 469 868 erant
489 804 657 887 temporis,
680 803 763 887 quod
784 803 944 868 modicum
962 801 1121 883 videatur,
1145 800 1201 864 sed
1223 801 1384 884 ingentem
1409 821 1513 863 rerum

377 923 615 986 conversionem
641 920 767 1003 habuit,
796 920 988 984 discrimine.
1026 917 1227 1001 Phrynichus
1255 919 1451 983 commisisse
1470 918 1515 981 vi-

377 1040 468 1104 detur
489 1061 526 1103 eo
549 1040 619 1122 ipso
641 1059 726 1102 anno
749 1041 804 1102 aut
824 1042 898 1102 ante
921 1059 1008 1119 eum,
1035 1037 1089 1121 qui
1110 1039 1289 1119 postremus
1311 1040 1379 1100 erat
1399 1035 1515 1120 prinoi-

375 1160 468 1241 patus
496 1157 818 1221 Lacedaemoniorum
849 1155 1003 1237 (Boeotii,
1033 1154 1171 1221 Stuutslc.
1194 1159 1226 1233 1,
1262 1156 1324 1218 521
1331 1178 1342 1232 ;
1375 1153 1513 1230 Curtius

373 1299 421 1359 pr.
446 1274 485 1341 G.
508 1279 546 1353 2,
569 1296 604 1356 p.
628 1276 713 1358 690),
742 1296 779 1338 ao
806 1274 941 1338 liberum
962 1271 1074 1335 habuit
1095 1293 1285 1355 componere
1312 1293 1391 1355 quae
1419 1271 1515 1354 placi-

375 1398 446 1458 tura
471 1393 642 1457 tribulibus
664 1394 697 1456 et
724 1391 801 1455 artis
829 1412 902 1455 suae
925 1390 1118 1454 amatoribus
1145 1393 1294 1473 speraret.
1339 1389 1516 1473 Aeschylus

376 1532 447 1575 cum
469 1513 583 1593 quarto
605 1514 680 1593 post
701 1530 786 1572 anno
809 1509 849 1572 ad
875 1508 908 1572 id
933 1510 1155 1593 argumentum
1177 1508 1325 1589 accessit,
1354 1511 1448 1571 aucta
1468 1507 1516 1570 in-

376 1628 525 1713 signiter,
562 1627 641 1711 ipsis
674 1625 933 1690 Lacedaemoniis
964 1626 1158 1707 faventibus,
1196 1625 1353 1710 dignitate
1383 1626 1515 1708 patriae,

345 1717 348 1725 ⁴
377 1745 506 1810 foedere
528 1743 659 1809 Deliaco
683 1766 754 1809 enm
776 1745 869 1809 sociis
892 1746 1002 1809 sancto
1025 1746 1057 1807 et
1081 1743 1183 1807 indies
1206 1743 1351 1824 astricto,
1380 1743 1445 1807 sive
1467 1743 1513 1806 in·

375 1867 466 1948 tegra
488 1863 652 1927 etiamtum
675 1864 743 1926 erat
764 1884 835 1926 cum
856 1861 907 1925 his
929 1862 1006 1925 iuris
1029 1861 1186 1944 aequitaS,
1211 1861 1277 1924 sive
1298 1861 1432 1944 Imperio
1453 1861 1517 1924 iam

377 1981 623 2045 Atheniensium
655 1981 786 2064 propior
818 2019 860 2029 -
892 1978 931 2042 de
963 2000 1025 2062 qua
1052 1978 1243 2060 mutatione,
1274 1978 1338 2042 nisi
1366 1978 1517 2061 Aeschyli

376 2098 530 2164 beneficio
560 2098 775 2162 coniecturam
808 2097 912 2160 faeere
946 2095 1069 2179 licebit,
1102 2096 1184 2159 nihil
1214 2099 1264 2158 est
1293 2096 1448 2179 comperti
1476 2134 1517 2143 -

377 2216 556 2300 frequentia
584 2218 762 2279 exterorum
789 2215 858 2279 sine
886 2214 981 2278 dubio
1004 2215 1141 2278 maxima
1168 2214 1229 2277 rite
1258 2235 1294 2277 ac
1322 2214 1518 2278 sollemniter

377 2334 418 2397 ad
439 2333 595 2417 Dionysia
621 2332 730 2396 Attica
762 2332 957 2414 confluebat,
991 2333 1142 2416 quidquid
1174 2333 1391 2398 nobilissimus
1423 2337 1519 2416 poeta

378 2452 526 2534 dixisset,
549 2453 618 2514 tota
640 2450 773 2514 Graecia
793 2451 1029 2534 personiturum
1052 2454 1128 2514 erat.
1167 2452 1232 2515 sive
1248 2452 1422 2515 amicorum
1444 2472 1517 2514 con·
1592 2491 1601 2503 ·

379 2570 451 2634 silio
478 2571 534 2631 aut
564 2568 772 2632 incitamento
801 2567 929 2631 aliunde
959 2568 1066 2631 oblato
1093 2590 1168 2631 usus
1197 2572 1260 2652 est,
1294 2569 1360 2632 sive
1389 2568 1518 2632 Graecis

378 2686 588 2751 vindiciarum
620 2686 777 2749 libertatis
808 2685 993 2749 memoriam
1024 2707 1177 2749 renovare
1209 2687 1294 2769 ipse,
1326 2689 1417 2750 vetus
1445 2707 1518 2770 pro-

379 2808 554 2890 pugnator,
584 2804 725 2867 animum
752 2804 891 2887 induxit,
925 2804 1008 2867 ratio
1030 2803 1141 2867 sedulo
1168 2803 1232 2868 fuit
1258 2804 1414 2887 ineunda,
1443 2806 1519 2888 quid

379 2924 546 2987 deberetur
568 2921 763 3003 civitatibus,
791 2921 867 3004 quid
889 2943 923 2985 se
945 2921 1015 3004 ipso
1042 2922 1174 3007 dignum
1196 2924 1288 2987 esset.
1333 2944 1400 2986 non
1421 2923 1519 2987 credi-

379 3041 479 3104 derim
502 3043 623 3104 attente
645 3040 804 3124 legentem
826 3039 925 3103 latere
939 3060 1049 3122 posse,
1072 3043 1192 3123 quanta
1213 3043 1280 3103 arte
1294 3040 1379 3104 inter
1400 3040 1520 3105 ludicra

258 3213 260 3220 ,
378 3158 572 3222 inventionis
600 3157 787 3241 prudentiae
810 3157 911 3221 civilis
935 3160 967 3221 et
992 3157 1088 3221 erecti
1116 3158 1214 3221 animi
1237 3159 1371 3222 consilia
1394 3158 1520 3243 dispen-

380 3276 511 3359 saverit,
533 3275 650 3359 partim
671 3274 915 3340 abscondiderit.
953 3275 1047 3339 facile
1069 3278 1118 3339 est
1138 3278 1305 3358 perspectu
1312 3326 1322 3359 ,
1345 3276 1520 3341 Athenien·

380 3395 463 3458 sium
485 3393 600 3457 decora
620 3415 688 3457 non
710 3393 1005 3457 commemoravisse
1027 3393 1208 3477 ambitiose,
1238 3396 1391 3458 terrorem
1412 3398 1520 3459 tamen

380 3511 580 3576 Athenarum
602 3512 741 3576 nominis
764 3510 1015 3576 conservandum
1033 3510 1193 3595 docuisse,
1216 3511 1301 3594 quod
1323 3513 1415 3577 fieret
1435 3516 1520 3597 pacti

381 3630 529 3694 conventi
550 3630 741 3694 reverentia:
771 3628 939 3694 Persarum
953 3650 1069 3693 novam
1089 3630 1304 3694 incursionem
1325 3653 1392 3695 non
1413 3631 1519 3696 admo·

380 3748 455 3811 dum
477 3748 640 3831 metuisse,
662 3769 851 3832 generosam
874 3747 1114 3830 despicientiam
1135 3769 1201 3811 non
1222 3749 1366 3831 potuisse
1387 3750 1520 3832 prodere

300 3889 311 3906 ⁴
380 3865 539 3930 efficacius
571 3887 665 3949 quam
698 3865 865 3948 ethopoeia
898 3864 1159 3931 clementissima:
1200 3888 1267 3930 non
1297 3867 1392 3930 facile
1422 3867 1521 3951 igitur
1615 3888 1620 3902 ⁸

379 3985 532 4068 probasse
554 3984 781 4048 dominationis
805 3983 991 4066 cupidorum
1017 3986 1116 4067 artes,
1145 3984 1172 4047 si
1194 3984 1249 4067 qui
1270 3984 1333 4048 iarn
1355 3987 1431 4048 tuno
1454 3985 1520 4048 eius

380 4105 482 4166 metus
518 4105 683 4185 praetextu
719 4101 822 4165 socios
855 4095 1037 4185 oppressuri
1070 4101 1260 4165 viderentur.
1314 4123 1382 4165 non
1412 4105 1521 4168 tamen

380 4220 545 4304 ignorasse
566 4220 757 4303 periculum,
779 4219 864 4302 quod
879 4224 947 4284 erat
967 4221 1003 4284 in
1024 4219 1120 4284 dubia
1134 4219 1298 4283 voluntate
1321 4240 1443 4304 eorum,
1466 4222 1521 4304 qui

380 4337 561 4420 nuperrime
593 4359 612 4399 a
645 4336 786 4401 barbaris
819 4336 1052 4420 discessissent,
1090 4337 1182 4400 docet
1218 4335 1307 4399 chori
1333 4359 1363 4399 v.
1388 4338 1451 4402 869
1479 4339 1519 4403 ad

382 4455 458 4537 903,
482 4454 615 4518 sirecte
637 4455 845 4538 percipiatur,
869 4455 1007 4537 occulta,
1031 4455 1087 4518 sed
1109 4455 1251 4518 aculeata
1272 4455 1450 4521 austeritas.

465 4570 514 4637 De
541 4571 612 4635 aliis
645 4576 753 4636 tamen
785 4574 818 4635 et
850 4572 1120 4658 ingeniosioribus
1152 4571 1284 4635 iudicari
1310 4594 1377 4636 non
1402 4576 1522 4657 poterit
1552 4602 1557 4610 ·
