3659 5600
851 498 892 560 37

300 688 514 749 Chaldaeorum
528 687 663 746 doctrina
676 687 818 764 Aeschyli
833 689 967 762 tempore
983 685 1101 747 Graecis
1115 707 1175 747 non
1190 689 1306 765 ignota,
1328 691 1439 751 divina·

299 791 426 864 tionem,
448 809 537 866 00000
551 808 600 848 00.
619 789 679 848 140
693 790 799 848 chorus
814 788 987 864 profitetur,
1007 792 1038 848 et
1056 790 1287 849 necromantiam
1301 791 1386 851 Darii
1403 794 1440 851 ad

299 911 364 951 eam
378 890 582 950 adumbratam
597 892 628 949 et
642 890 738 949 obiter
751 890 944 949 informatam
964 909 981 947 0
1000 893 1088 966 00060
1108 892 1329 966 superstitionis
1343 893 1439 954 Persi-

299 1014 348 1054 cae
361 993 523 1071 imaginem
535 993 683 1051 00000001.

381 1094 415 1154 P.
431 1113 456 1153 11
476 1091 544 1172 (00.
560 1093 600 1151 32
621 1093 659 1151 ad
675 1091 732 1171 76)
754 1095 850 1154 scriba
870 1093 959 1153 Laur.
981 1094 1140 1169 scripserat
1160 1096 1200 1154 36
1221 1093 1378 1173 μεμφίδο(
1398 1098 1438 1156 42

298 1193 350 1258 ἐπὶ
364 1196 430 1259 πᾶν
446 1198 485 1256 69
502 1188 644 1274 εχεδίαν,
666 1214 742 1271 0000
764 1196 831 1272 0010
847 1196 1022 1268 correxerit,
1043 1214 1104 1253 non
1123 1195 1233 1272 liquet:
1256 1199 1376 1274 scripsit
1398 1201 1437 1259 66

297 1295 404 1374 χώρα(
424 1298 591 1357 correctum
605 1314 622 1354 0
637 1297 800 1370 diorthota,
821 1300 911 1372 prout
926 1297 1036 1357 scholia
1055 1300 1086 1356 06
1106 1297 1164 1356 mei
1185 1299 1368 1375 antiquiores
1388 1302 1437 1360 60-

297 1401 379 1460 bent.
417 1399 557 1459 convenit
576 1397 665 1456 Laur.
686 1418 715 1457 0.
737 1399 777 1456 42
798 1399 830 1457 10
857 1400 977 1475 egregia
1002 1399 1150 1474 scriptura
1171 1395 1203 1460 οἵ
1223 1396 1256 1460 τ’
1276 1421 1343 1461 cum
1363 1404 1436 1463 meis

297 1520 371 1561 saec.
392 1499 466 1559 XIII
487 1500 616 1572 duobus,
638 1500 678 1558 58
695 1519 762 1559 cum
775 1519 834 1560 uno
849 1502 881 1559 10
896 1496 962 1561 ὑπὸ
968 1546 978 1579 ,
999 1500 1039 1559 43
1060 1501 1092 1559 10
1112 1518 1192 1577 μητρ
1213 1521 1280 1561 cum
1299 1505 1437 1564 omnibus

296 1605 415 1678 praeter
427 1621 521 1660 unum
535 1620 611 1660 saec.
627 1600 730 1674 XIIII,
747 1621 814 1661 cum
828 1603 965 1661 omnibus
982 1604 1020 1661 61
1038 1599 1172 1683 ἀειῆτιε,
1192 1604 1231 1664 63
1246 1599 1289 1675 τ’,
1309 1606 1363 1678 65,
1383 1606 1435 1665 061

295 1703 406 1764 scholia
420 1705 450 1763 et
464 1722 541 1763 unus
556 1721 631 1762 0000.
647 1702 735 1760 XIIII
750 1699 946 1782 πεπέρακεν,
969 1705 1008 1763 76
1024 1705 1056 1762 in
1070 1700 1232 1780 θαλάεεηε.
1268 1705 1382 1779 differt,
1401 1710 1436 1766 06

294 1824 373 1864 nunc
388 1807 447 1878 006,
469 1803 558 1863 6000.
574 1824 602 1864 0.
619 1804 659 1862 35
675 1822 813 1863 anovem
832 1804 918 1863 libris
940 1805 1026 1877 meis,
1050 1825 1124 1881 quos
1144 1809 1261 1866 secutus
1282 1826 1360 1866 sum:
1382 1808 1434 1867 sed

295 1905 399 1965 606016
412 1905 501 1965 Laur.
514 1909 581 1965 ante
596 1905 823 1978 correctionem,
839 1906 1020 1980 diorthotae,
1041 1907 1159 1983 opinor,
1176 1907 1337 1967 secundum
1352 1910 1433 1969 scho-

294 2008 343 2080 110,
359 2002 463 2083 πηγά(
477 2003 595 2085 τᾶγων,
611 2026 686 2083 quae
701 2007 850 2081 scriptura
860 2006 1001 2066 adnotata
1016 2010 1062 2067 006
1075 2009 1107 2067 10
1118 2010 1281 2068 0000061000
1296 2028 1356 2069 uno
1367 2030 1432 2071 meo

294 2112 324 2168 06
338 2110 431 2168 016000
446 2109 650 2168 recentissimo
665 2106 829 2166 Hermanni
842 2108 928 2167 libro.
959 2108 1058 2168 differt
1072 2107 1159 2167 Laur.
1176 2128 1193 2167 a
1206 2110 1279 2169 meis
1295 2112 1432 2172 omnibus

293 2210 344 2283 49,
360 2210 516 2286 siquidem,
533 2209 612 2285 quod
626 2209 754 2282 videtur,
770 2224 789 2270 ν
804 2210 836 2267 10
851 2209 993 2271 ετεῦνται
1009 2211 1133 2285 aprima
1147 2229 1236 2269 manu
1251 2215 1432 2287 expunctum

292 2311 382 2371 babet
403 2314 433 2371 06
449 2330 485 2371 ex
499 2312 661 2386 archetypo
681 2311 724 2368 ita
743 2311 965 2386 transscripsit,
990 2331 1007 2369 0
1026 2312 1177 2387 010010000
1199 2313 1238 2371 32
1255 2313 1294 2371 39
1317 2309 1431 2393 ἐλειοβ,

293 2414 330 2471 61
348 2409 431 2492 περὶ,
447 2414 488 2472 70
502 2407 607 2490 ἕλληε,
629 2411 820 2471 ambusto.
858 2431 1000 2472 versuum
1014 2413 1055 2469 42
1070 2413 1112 2472 43
1127 2413 1298 2472 institutam
1312 2415 1349 2473 06
1365 2414 1431 2474 01110

292 2513 526 2573 emendationem
540 2513 692 2573 absolvere
706 2514 861 2588 temptavi,
876 2532 944 2573 curn
954 2512 1117 2573 Hermanni
1128 2515 1334 2590 interpretatio
1349 2517 1430 2575 vocis

290 2616 461 2691 utriusque,
481 2611 625 2689 κατέχειν
640 2618 669 2674 06
684 2610 793 2693 ἔθνοε,
813 2615 912 2674 minus
928 2614 1102 2673 satisfaciat.
1137 2613 1237 2691 Lydos
1251 2619 1370 2694 praeter
1384 2617 1429 2676 Io·

289 2735 342 2776 nes
362 2716 414 2776 illo
429 2718 562 2791 tempore
577 2717 820 2790 comprehendere
834 2716 908 2775 alios
923 2716 1012 2775 Asiae
1026 2716 1150 2775 minoris
1171 2716 1297 2791 populos
1313 2736 1373 2777 non
1388 2718 1428 2778 le·

289 2819 402 2896 gimus:
415 2818 542 2878 secundo
553 2817 638 2876 Darii
648 2836 736 2877 nomo
748 2818 1037 2893 comprehenduntur
1046 2819 1125 2894 apud
1136 2818 1320 2878 Herodotum
1332 2821 1360 2892 3,
1372 2821 1426 2894 903

288 2920 378 2980 tertio
394 2922 423 2979 et
438 2921 544 2995 quarto
558 2917 692 2996 Phryges
707 2923 737 2979 06
751 2917 953 2994 Cappadoces,
970 2938 1044 2995 quos
1059 2919 1107 2978 hic
1121 2919 1246 2979 Indicari
1260 2921 1428 2996 putaverim

288 3024 319 3081 et
333 3020 393 3079 dici
407 3020 534 3080 incolere
548 3016 753 3095 ἠπειροτενὲ(
766 3016 873 3098 νέμοε,
889 3021 1020 3096 00061000
1034 3039 1144 3095 000000
1158 3041 1259 3079 earum
1273 3023 1428 3098 regionum

287 3122 366 3198 apud
381 3121 557 3181 Strabonem
577 3122 754 3197 aliquotiens
775 3123 1010 3181 commemorata.
1045 3122 1175 3198 cogitavi
1195 3123 1285 3181 etiam
1305 3123 1341 3181 de
1360 3142 1426 3198 pro-

288 3224 444 3284 scribendo
460 3244 489 3282 0.
505 3224 546 3282 45
568 3226 599 3283 06
620 3223 803 3282 offendebam
817 3225 968 3299 praeterea
982 3224 1053 3283 satis
1068 3224 1100 3281 in
1115 3224 1227 3295 multis,
1245 3243 1319 3299 quae
1334 3243 1425 3300 prope

286 3324 430 3385 accedunt
449 3324 1040 3401 0111000600]00001000000000600000
1059 3324 1184 3383 aliorum
1205 3324 1345 3397 colorem,
1366 3345 1425 3383 ma·

286 3426 364 3485 xime
382 3446 431 3486 vv.
448 3426 524 3499 541,
541 3426 617 3498 545,
635 3426 710 3499 632,
733 3426 908 3501 000010000
929 3425 1123 3499 106000010600
1144 3444 1197 3484 000
1218 3426 1332 3485 medela
1353 3428 1424 3486 satis

286 3527 392 3605 dignos
406 3527 552 3587 existimo.

369 3628 403 3692 P.
420 3647 458 3687 111
473 3626 534 3708 (00.
548 3629 586 3687 77
598 3628 635 3685 ad
649 3626 721 3704 121)
737 3628 835 3687 000160
849 3627 934 3701 00100
947 3629 1072 3703 0000010
1086 3648 1103 3685 0
1118 3647 1149 3687 00
1164 3630 1327 3701 commissa,
1343 3630 1425 3690 velut

286 3732 440 3790 accentum
459 3729 675 3789 inconsiderate
696 3729 827 3804 positum
847 3728 879 3787 10
900 3724 1077 3804 εὐρύποροι
1098 3724 1110 3808 ΙΙ
1130 3749 1159 3787 0.
1183 3731 1257 3802 110,
1279 3731 1342 3805 1000
1363 3750 1424 3791 000·

285 3834 375 3906 rexit3
396 3831 522 3890 totidem
536 3830 699 3904 diorthote,
721 3830 773 3905 qui
787 3850 816 3890 0.
833 3831 872 3888 77
888 3831 1053 3890 variantem
1068 3831 1245 3905 scripturam
1260 3831 1422 3905 adnotavit,

284 3935 317 3993 10
332 3951 423 4009 qnam
436 3936 467 3992 et
480 3932 542 3991 11110
556 3934 587 3991 06
600 3952 629 3992 0.
642 3932 681 3991 88
696 3932 767 3989 libri
780 3932 839 3991 mei
850 3932 1016 3992 discedunt.
1046 3950 1121 4007 0000
1134 3931 1276 3991 mendosa
1290 3932 1422 4008 reliquit,

284 4034 418 4094 extitisse
436 4033 576 4093 videntur
595 4034 627 4092 10
642 4033 816 4109 archetypo,
837 4051 905 4092 oum
924 4033 1065 4108 01000000
1086 4032 1185 4090 omnia
1202 4032 1235 4090 in
1254 4034 1422 4113 recentiori·

283 4137 355 4208 bus,
378 4133 429 4193 sed
449 4134 544 4193 bonae
564 4135 686 4207 0060610,
709 4138 778 4193 0060
792 4134 982 4207 Το101101000,
1003 4132 1088 4192 116010
1110 4133 1272 4205 alternent,
1296 4153 1422 4209 quorum

283 4258 312 4298 0.
335 4237 376 4296 80
396 4237 536 4310 quattuor
557 4233 741 4314 ετυφελοῖε,
768 4236 900 4311 0010000
921 4230 1060 4312 ἰεόθεοε,
1085 4234 1209 4293 totidem
1229 4235 1268 4292 81
1291 4230 1421 4310 δέργμα,

285 4340 345 4398 106
361 4337 420 4395 duo
435 4332 566 4397 πόλεων
580 4331 623 4414 τ’,
646 4336 705 4393 114
721 4339 865 4414 tres-pot,
889 4335 1002 4412 singuli
1021 4336 1073 4393 006
1091 4335 1156 4394 6101
1175 4333 1420 4395 10000οΒ00000

282 4440 315 4498 in
334 4437 423 4496 Laur.
444 4437 562 4495 tantum
582 4439 628 4495 ter
648 4439 779 4496 servatas
801 4438 891 4496 etiam
912 4440 1053 4512 quattuor
1073 4436 1138 4495 aliis
1157 4435 1231 4495 locis
1252 4435 1420 4509 suppedita-

281 4541 368 4599 bant:
388 4541 506 4597 tnntum
523 4539 563 4598 90
581 4538 784 4596 testimoninm
798 4538 913 4610 deerat,
934 4538 1023 4596 etiam
1038 4536 1225 4597 scholiorum.
1260 4536 1419 4612 interpola-
