3659 5600
777 544 961 587 '‘V'‘

381 689 657 775 Interpretationis
684 692 781 777 igitur
813 692 906 756 huius
940 693 1066 757 fabulae
1098 716 1171 777 pers
1203 695 1308 777 potior
1340 717 1433 759 nemo

297 808 432 891 dubitat,
462 810 540 892 quin
570 810 608 874 de
635 810 793 874 historico
820 832 936 895 genere
958 812 1002 875 sit
1028 811 1148 894 futura,
1175 833 1270 894 quam
1291 812 1439 876 bifariam

296 949 391 1010 posse
412 928 536 991 institui
559 947 688 992 censeo:
726 930 782 991 aut
803 931 840 991 ut
860 931 1030 1011 quaeratur
1057 930 1096 993 de
1118 951 1155 993 eo
1182 932 1341 1014 tempore,
1370 951 1433 1016 quo

295 1048 387 1130 gesta
401 1048 476 1109 sunt
491 1045 529 1108 de
544 1044 657 1127 quibus
672 1046 791 1130 agitur,
815 1049 868 1110 aut
880 1047 922 1111 de
937 1068 990 1130 eo,
1009 1068 1073 1131 quo
1088 1048 1158 1130 ipsa
1176 1047 1285 1111 fabula
1299 1047 1437 1132 primum

296 1166 367 1227 acta
388 1166 445 1227 est.
490 1162 587 1226 habet
608 1166 740 1246 utraque
761 1164 842 1227 ratio
866 1186 929 1246 quo
951 1186 985 1228 se
1006 1167 1143 1229 tueatur.

379 1281 553 1364 Postquam
574 1281 684 1344 drama
709 1281 771 1345 hoc
799 1282 929 1366 trilogia
953 1303 1010 1345 sua
1031 1282 1294 1366 comprehensum
1324 1287 1436 1348 octavo

296 1421 315 1462 a
329 1420 439 1483 pugna
455 1397 628 1463 Salaminia
643 1418 727 1462 anno
743 1399 947 1463 commissum
963 1402 1026 1482 est,
1048 1400 1218 1483 repetitum
1233 1400 1434 1484 aliquotiens,

295 1517 472 1580 solitarium
494 1516 656 1599 fortassis,
680 1519 900 1580 conservatum
923 1517 1079 1602 studiose,
1107 1518 1224 1582 lectum
1247 1518 1373 1582 assiduo
1396 1519 1435 1582 ab

295 1635 426 1699 eruditis
448 1637 499 1698 tot
521 1633 718 1698 saeculorum
740 1635 972 1699 -Platonem
993 1636 1125 1699 memini
1151 1636 1186 1699 in
1207 1635 1306 1699 libros
1327 1634 1377 1699 ΙΙΙ
1399 1636 1438 1700 de

295 1754 420 1838 legibus
443 1790 485 1800 -
508 1753 672 1816 convenit:
709 1753 761 1815 vix
788 1754 896 1816 tamen
924 1757 962 1817 ut
988 1754 1073 1818 aliud
1095 1753 1244 1818 credibile
1272 1753 1316 1818 111
1343 1754 1378 1817 in
1400 1775 1437 1817 eo

294 1871 399 1954 expeti
427 1871 628 1935 consuevisse
657 1892 751 1953 quam
778 1871 964 1935 memoriam
998 1861 1097 1934 illam
1114 1893 1304 1954 aequaeuam
1331 1893 1437 1936 rerum

292 1989 604 2074 gloriosissimamm.
649 1988 761 2073 insunt
787 2010 854 2052 non
880 2009 998 2072 pauca,
1027 2010 1107 2071 quae
1134 1989 1175 2052 ab
1200 1989 1326 2053 oculato
1354 1991 1436 2054 teste

201 2189 204 2194 Ι
292 2129 458 2191 perperam
480 2106 591 2170 referri
612 2128 679 2169 non
701 2108 874 2189 potuerrmt
896 2109 929 2169 11
953 2109 1060 2170 tamen
1082 2107 1206 2170 differre
1228 2106 1375 2170 videntur
1396 2107 1435 2171 ab

292 2225 470 2309 Herodoto,
506 2224 567 2287 alia
601 2224 640 2287 de
667 2223 835 2287 Persarum
867 2245 967 2308 regno
1000 2227 1032 2287 et
1063 2224 1321 2308 antiquitatibus,
1355 2247 1435 2308 quae

293 2344 371 2407 satis
399 2346 473 2409 sunt
505 2341 739 2406 memorabilia:
777 2362 969 2425 quamquam
1001 2363 1061 2406 nec
1093 2341 1223 2423 desunt,
1255 2341 1290 2404 in
1321 2342 1434 2425 quibus

293 2465 346 2526 aut
362 2462 439 2525 artis
461 2460 591 2524 licentia
612 2463 668 2524 aut
690 2459 864 2523 excusabili
886 2481 992 2524 errore
1014 2459 1180 2523 averitate
1196 2459 1351 2523 deflexum
1374 2462 1432 2527 111.

292 2580 330 2644 de
357 2581 490 2663 utroque
517 2600 635 2664 genere
663 2577 837 2640 etiamnum
863 2581 969 2661 potest
995 2577 1112 2659 inquiri
1139 2598 1176 2641 ac
1203 2579 1367 2659 praeterea
1394 2577 1433 2641 de

290 2698 401 2780 tertio,
424 2698 508 2780 quod
531 2700 579 2761 est
601 2697 640 2760 de
662 2696 739 2759 artis
761 2695 904 2760 scenicae
926 2696 960 2758 in
981 2698 1126 2759 tentare
1150 2694 1381 2778 temperatione
1403 2698 1435 2759 et

291 2817 329 2882 de
356 2819 471 2900 poetae
498 2816 612 2899 ipsius,
647 2816 737 2898 siqua
764 2814 847 2878 forte
873 2815 985 2896 lateat,
1019 2814 1117 2877 animi
1145 2815 1313 2879 sententia.
1358 2818 1434 2878 sunt

291 2935 330 2999 de
351 2935 412 2999 hoc
433 2934 534 2998 multa
549 2912 710 3016 disputata
731 2933 839 2996 aviris
861 2932 1038 3016 perdoctis,
1063 2953 1142 3015 quae
1164 2953 1202 2994 eo
1224 2931 1372 3016 redeunt,
1396 2936 1432 2996 ut

291 3054 369 3116 artis
402 3052 571 3115 infirmitas
599 3054 632 3114 et
664 3050 800 3114 infantia
832 3050 988 3133 quaedam
1017 3051 1161 3135 culpetur
1188 3052 1221 3113 et
1252 3053 1347 3133 poeta
1379 3053 1433 3113 aut

289 3170 469 3255 religiosior
491 3191 587 3253 quam
601 3168 717 3233 veteris
738 3168 859 3252 gloriae
875 3168 1047 3250 amantior,
1070 3169 1125 3231 aut
1138 3168 1289 3232 Aristidis
1304 3168 1432 3251 potissi-

289 3311 377 3352 mum
399 3288 520 3351 assecla
540 3287 761 3371 perhibeatur:
799 3307 912 3369 operae
934 3287 1072 3369 pretium
1093 3286 1251 3349 factumrn
1273 3285 1430 3368 existimo,

290 3408 344 3490 qui
358 3407 393 3470 in
408 3406 548 3469 dramate
563 3406 649 3489 ipso,
673 3405 737 3467 iam
754 3404 850 3486 paulo
866 3403 1096 3485 emendatiore,
1121 3403 1262 3468 adhibita
1276 3404 1431 3467 sermonis

262 3523 266 3529 ’
291 3523 507 3608 intelligentia
528 3523 567 3586 de
588 3523 639 3586 his
661 3523 756 3586 rebus
779 3521 926 3585 arbitrari
948 3522 1091 3585 voluerit.

374 3640 436 3706 Sed
468 3644 587 3717 tamen¹
606 3641 660 3723 qui
692 3641 737 3704 ita
767 3640 882 3724 legerit
914 3642 946 3703 et
978 3639 1135 3703 rationem
1166 3640 1288 3723 inierit,
1321 3641 1349 3704 si
1380 3641 1431 3704 vel

288 3760 425 3824 maxime
441 3758 482 3822 ab
505 3756 711 3821 obtrudendis
727 3757 888 3840 Aeschylo
909 3757 1086 3841 praeceptis
1101 3757 1296 3821 Aristoteliis
1311 3761 1429 3842 tempe·

287 3878 419 3959 raverit,
447 3875 526 3939 illud
553 3878 661 3939 tamen
690 3877 778 3959 sequi
806 3876 938 3958 dixeris,
967 3875 1050 3959 quod
1075 3877 1124 3938 est
1150 3876 1183 3937 in
1211 3878 1278 3938 arte
1306 3875 1430 3959 poetica

289 4019 315 4060 1.
329 4013 380 4079 vr,
395 3996 414 4073 ἡ
430 3997 491 4074 γὰρ
506 3998 562 4073 τῆ(
577 3994 756 4078 τραγῳδία(
771 3995 902 4075 δύναμις
917 3995 968 4058 καὶ
983 3993 1060 4058 ἄνευ
1076 3994 1204 4070 ἀγῶνος
1219 4030 1257 4038 -
1270 3993 1360 4058 ἐςτίν.
1389 3992 1429 4055 ad

287 4135 423 4199 agonem
444 4112 529 4175 enim
548 4112 688 4195 pertinet
706 4112 854 4195 trilogiae
874 4111 1063 4194 compositio
1085 4113 1117 4174 11
1137 4108 1288 4193 quidquid
1308 4108 1428 4173 dictum

287 4235 320 4297 et
346 4231 622 4296 adcommodatum
644 4233 693 4293 est
719 4252 738 4293 a
765 4233 859 4312 poeta
883 4228 923 4292 ad
951 4228 1181 4311 permovendos
1211 4227 1333 4291 animos
1361 4249 1428 4291 non

287 4350 465 4433 aequalium
493 4351 618 4412 tantum
640 4368 677 4411 ac
698 4347 915 4432 popularium,
946 4346 1002 4410 sed
1024 4367 1147 4428 eorum,
1177 4366 1256 4428 quos
1278 4345 1334 4409 illa
1360 4345 1427 4410 dies

287 4470 521 4553 congregatura
535 4469 617 4550 erat,
641 4468 869 4550 spectatorum,
893 4486 956 4549 qua
975 4464 1116 4528 fabulam
1131 4464 1268 4527 doceret.
1314 4463 1426 4547 quodsi

287 4586 436 4670 Aeschyli
463 4584 622 4669 peculiare
649 4584 747 4647 fuisse
774 4604 868 4646 nemo
895 4583 1038 4666 ignorat,
1072 4584 1108 4645 ut
1138 4582 1177 4646 de
1203 4581 1298 4646 rebus
1328 4582 1425 4647 sacris
