3659 5600
769 533 977 579 -XI-

298 685 440 749 fabulam
461 685 502 749 ad
524 707 558 750 se
579 685 757 750 vindicasse
779 685 936 749 existimo.
974 707 1097 748 summa
1119 685 1205 749 enim
1228 685 1294 749 eius
1316 686 1441 750 fabulae

299 803 337 866 de
360 824 397 867 eo
421 806 470 867 est
497 825 629 889 genere,
657 804 742 887 quod
764 804 960 868 extrinsecus
982 804 1017 867 in
1041 804 1183 867 Atticam
1212 804 1373 867 invectum
1395 825 1441 886 ea,

299 942 379 1005 quae
411 921 498 985 domi
529 925 606 985 nata
633 921 779 1005 aderant,
813 922 965 986 enutrivit
994 924 1026 985 et
1059 921 1206 985 excoluit.
1256 921 1378 985 factum
1409 921 1441 985 id

298 1039 435 1103 maxime
463 1040 547 1104 eirca
576 1040 723 1104 Piraeum
750 1041 784 1103 in
810 1040 1009 1123 tetracomis,
1042 1039 1096 1122 qui
1130 1039 1330 1123 dicebantur,
1364 1040 1442 1104 olim

299 1158 555 1222 commemoravi.
600 1158 752 1221 notabilis
774 1160 823 1222 est
843 1158 981 1221 maxime
1004 1156 1241 1222 Corinthiarum
1262 1158 1442 1222 fabularum

299 1299 372 1341 cum
401 1276 518 1341 Atticis
546 1297 735 1358 consensus,
764 1276 791 1340 si
818 1277 868 1340 vel
895 1276 1001 1339 missis
1029 1275 1155 1339 vasibus
1183 1276 1333 1339 fictilibus
1362 1298 1441 1361 eam,

300 1416 379 1478 quae
400 1393 551 1478 rhapsodi
565 1394 681 1458 veteris
704 1393 742 1457 de
762 1392 818 1457 illa
840 1415 896 1457 ora
910 1392 1021 1457 Attica
1034 1393 1229 1477 praedicatio
1244 1397 1344 1458 restat
1358 1395 1442 1479 apud

299 1513 476 1578 Hesiodum
502 1511 610 1597 theog.
634 1534 684 1577 vv.
707 1511 770 1575 969
791 1511 831 1575 ad
855 1512 952 1594 1018,
981 1512 1125 1575 conferas
1153 1533 1225 1576 eum
1247 1533 1339 1577 arcae
1362 1511 1441 1597 Gyp-

300 1632 397 1696 seliae
429 1629 644 1713 emblematis,
681 1629 770 1694 cuins
802 1629 1055 1713 quattuordecim
1086 1630 1255 1694 minimum
1287 1630 1442 1715 imagines

301 1750 413 1814 Attica
443 1738 564 1813 habent
596 1752 793 1833 argumenta.
848 1751 896 1813 est
928 1749 1012 1812 inter
1045 1769 1082 1811 ea
1113 1747 1222 1813 fabula
1253 1747 1378 1812 lasonis
1411 1752 1443 1812 et

243 1891 249 1900 ·
301 1868 447 1952 Medeae,
470 1868 505 1931 in
527 1888 599 1930 arca
621 1867 717 1930 etiam
739 1867 806 1930 ludi
820 1867 926 1931 Peliae
948 1866 1113 1950 funebres,
1136 1867 1317 1949 Minyarum
1338 1867 1442 1951 genti·

301 1985 390 2069 licia,
418 2006 498 2068 quos
525 1984 626 2048 multo
654 1984 799 2051 Corinthi
828 1984 1016 2049 celebriores
1043 1984 1142 2050 luisse
1170 1984 1320 2049 convenit
1347 2006 1441 2067 quam

301 2105 336 2167 in
357 2103 481 2185 Attica,
511 2124 701 2186 quamquam
722 2102 913 2186 Munychias
935 2102 1064 2185 Minyae
1094 2105 1381 2168 commemorantur
1402 2104 1442 2167 ab

300 2221 469 2286 Hellanico
486 2225 518 2285 et
533 2219 668 2304 Sopatro
684 2220 738 2303 (fr.
749 2222 804 2305 713
821 2221 887 2285 sch.
901 2222 957 2285 Ar.
970 2220 1247 2305 11122111).
1270 2220 1444 2303 Munychia

301 2339 407 2404 Piraei
428 2339 587 2423 acropolis
603 2360 674 2402 cum
689 2338 750 2402 hoc
765 2337 1055 2423 Hippothoontidis
1073 2340 1174 2404 tribus
1189 2340 1288 2403 fuisse
1303 2338 1442 2404 videtur:

301 2481 338 2523 ac
364 2460 518 2522 testatum
545 2456 697 2531 habemus
726 2455 871 2521 Peliades
893 2458 1090 2522 Alcestidem
1112 2457 1257 2522 Medeam
1280 2457 1442 2541 Euripidis

302 2577 391 2641 datas
414 2598 482 2640 esse
498 2576 543 2640 eis
566 2576 756 2639 examussim
775 2576 882 2659 annis,
905 2576 1019 2659 quibus
1034 2575 1286 2659 Hippothoontis
1302 2575 1441 2640 certavit.

302 2695 372 2778 sed,
402 2694 487 2778 quod
514 2694 672 2776 dicebam,
705 2693 732 2757 si
760 2692 924 2757 adullam
953 2694 1048 2758 aliam
1075 2694 1194 2757 tribum
1223 2693 1444 2758 transferenda

301 2814 363 2878 fuit
384 2814 643 2899 Argonautarum
665 2813 790 2896 fabula,
817 2812 879 2877 fuit
901 2835 939 2877 ca
961 2811 1085 2878 Oencis.
1130 2813 1324 2896 Aeschylum
1345 2813 1443 2878 fuisse

301 2936 395 3017 puto,
424 2933 479 3015 qui
501 2932 683 3017 tragoediae
705 2953 724 2995 a
746 2953 779 2995 se
802 2932 995 2995 instauratae
1016 2931 1161 3015 gentium
1182 2931 1338 2995 nobilium
1359 2931 1443 2995 Atti-

303 3073 411 3115 carum
425 3051 551 3114 fabulas
567 3050 792 3115 conciliaverit.
823 3052 937 3134 gentes
952 3048 1165 3132 Thessalicas,
1181 3050 1290 3132 siquae
1303 3050 1443 3132 fuerunt,

303 3169 454 3234 credibile
476 3171 525 3233 est
545 3170 711 3253 plerasque
734 3169 773 3233 ab
794 3169 981 3252 Argonauta
997 3165 1103 3249 aliquo
1124 3188 1183 3230 ayo
1206 3167 1363 3251 originem
1389 3170 1443 3231 du·

302 3287 401 3370 xisse,
424 3287 512 3350 velut
527 3288 643 3351 scimus
658 3286 821 3350 Philaidas
837 3308 856 3348 a
871 3284 1007 3349 Caeneo
1044 3285 1174 3349 fuerunt
1187 3289 1293 3350 autem
1307 3286 1444 3350 maximo

302 3427 434 3470 numero
458 3407 491 3468 et
512 3405 654 3489 legitime
677 3403 817 3469 Oeneide
840 3403 1049 3467 censebantur
1070 3407 1151 3467 teste
1171 3403 1301 3487 Ephoro
1324 3404 1378 3468 lib.
1395 3402 1443 3468 III

303 3525 387 3609 apud
403 3523 535 3589 Suidam
550 3524 659 3602 Περιθ.
682 3525 714 3586 11
728 3521 934 3606 Apostolium
951 3523 1005 3605 14,
1029 3522 1084 3586 19:
1111 3523 1289 3589 Θεεεαλοὺ(
1312 3523 1341 3587 b'
1363 3522 1444 3590 ἐξαι-

303 3645 403 3724 ρέτως
428 3642 627 3721 ὑπεδέχοντο
650 3678 693 3687 -
714 3643 841 3706 τούτοις
862 3644 898 3706 δὲ
920 3643 972 3707 καὶ
993 3643 1103 3720 χώραν
1129 3641 1283 3722 ἐμέριεαν,
1312 3642 1351 3719 ἣν
1374 3641 1443 3706 ἐκά-

304 3767 397 3827 lacco
424 3762 598 3840 Περιθοῑδα
624 3796 667 3806 -
694 3759 771 3825 ὅθεν
798 3761 850 3824 καὶ
876 3761 1060 3839 Περιθοῐδαι
1087 3763 1186 3837 δῆμος
1213 3764 1268 3836 τῆς
1297 3759 1444 3838 Οἰνηίδο(

303 3883 418 3960 φυλῆς.
470 3899 551 3961 quae
583 3877 651 3940 eius
679 3876 755 3961 pagi
784 3879 816 3940 et
848 3876 954 3961 gentis
987 3876 1186 3940 necessitudo
1219 3876 1329 3958 fuerit,
1363 3877 1444 3940 nihil

303 3996 432 4078 attinet,
460 3996 507 4058 uti
533 4016 594 4058 nec
615 3993 812 4062 Butadarum
839 3995 915 4079 pagi
944 3994 1084 4057 eiusdem
1111 3994 1212 4057 tribus
1235 3992 1384 4057 Oeneidis
1413 3999 1445 4058 ct

303 4112 590 4178 Eteohutadarum:
635 4113 801 4176 coluerrmt
822 4111 856 4176 hi
878 4111 1004 4195 utrique
1027 4112 1094 4175 sine
1116 4111 1212 4175 dnbio
1226 4111 1328 4176 Butae
1343 4113 1444 4197 Argo·

303 4233 419 4295 nautae
435 4252 539 4313 sacra,
555 4253 649 4315 quem
663 4232 769 4314 ipsum
783 4231 818 4295 in
833 4231 900 4294 eius
916 4230 1019 4293 tribus
1032 4251 1121 4312 spem
1135 4230 1256 4314 gratiae
1268 4229 1445 4314 Aeschylus

280 4357 284 4368 “
303 4349 427 4413 Phineo
449 4350 556 4432 potuit
577 4350 611 4411 in
633 4370 728 4414 scena
750 4348 906 4413 exhibere.

388 4466 591 4532 Veniendum
619 4469 668 4531 est
695 4467 735 4530 ad
762 4467 890 4531 tertiam
916 4467 1063 4551 trilogiae
1091 4466 1240 4532 fabulam.
1291 4489 1385 4552 quem
1412 4468 1446 4532 in

304 4587 493 4671 argumento
517 4584 634 4650 codicis
650 4584 855 4650 Laurentiani
876 4583 1032 4649 Glaucum
1054 4584 1204 4671 legimus,
1228 4586 1262 4650 in
1284 4585 1445 4652 codicibus
