3659 5600
953 524 995 588 64

400 738 489 795 supra
509 714 620 794 ἀγβάτ,
643 718 723 794 quod
742 716 780 777 ad
801 717 1019 793 antistropham
1038 735 1099 777 non
1114 716 1255 792 quadrat,
1275 720 1362 778 vetus
1377 718 1540 794 scripturae
1652 778 1654 781 .

400 819 559 879 discrimen
579 813 703 895 ἀγαβάτ
723 818 900 878 adnotatum
919 818 1010 877 fuisse
1030 819 1114 893 puto.
1157 818 1217 877 iam
1231 819 1256 878 si
1271 818 1411 878 librarius
1425 819 1542 894 imperi-

402 921 464 979 tior
478 921 613 998 neglecta
628 916 825 999 κωλομετρίᾳ
840 919 883 977 116
899 919 1031 995 scripsit,

649 1054 687 1063 -
706 1016 810 1081 -καὶ
831 1017 974 1096 occupat
995 1015 1053 1093 ἠδὲ

643 1119 778 1199 ψάμμιε·
801 1118 1004 1196 concrescant
1025 1117 1059 1182 τ’
1081 1116 1183 1199 ἀγβάτ
1202 1122 1269 1203 κτλ,

401 1225 550 1300 scriptura
570 1225 712 1283 adnotata
732 1221 855 1299 ἀγαβάτ
874 1226 944 1300 post
964 1219 1164 1299 6616161611,
1184 1224 1308 1301 vulgata
1321 1224 1380 1285 loci
1395 1225 1543 1301 scriptura

402 1326 446 1384 ita
470 1326 541 1384 oriri
565 1324 682 1401 potuit,
709 1343 797 1400 quem
822 1324 982 1384 admodum
1007 1344 1036 1385 v.
1052 1326 1113 1384 995
1140 1324 1271 1386 Venetus
1296 1326 1448 1401 antiquior
1472 1327 1542 1387 haec

399 1427 505 1486 habet:

483 1524 602 1603 ξάνθην
624 1522 735 1604 ἄρειον
757 1523 790 1589 τ’
811 1522 955 1604 ἀγχάρην
977 1523 1054 1589 τοὺς
1077 1523 1215 1591 ἄνακτα(
1236 1527 1303 1590 τῶν
1323 1524 1443 1590 ἵππων.

485 1624 597 1691 δίαιξιν
619 1625 652 1691 τ’
673 1624 727 1703 ἠδ’
750 1625 890 1703 ἀριάκην
910 1624 1135 1691 ἱππιάνακτας·
1158 1663 1200 1671 -

398 1749 468 1790 nam
489 1731 568 1806 quod
588 1726 645 1805 ἠδὲ
666 1728 881 1806 apostrophum
895 1731 1018 1806 accepit,
1034 1727 1157 1808 ἀγαβάτ
1171 1733 1344 1807 compendio
1360 1732 1490 1808 syllabae
1505 1747 1543 1792 α(

403 1835 523 1891 auctum
538 1833 593 1905 est,
608 1831 685 1891 nihil
698 1832 756 1891 erit
770 1832 851 1890 novi.
880 1832 985 1892 admisi
1002 1833 1097 1909 igitur
1107 1829 1314 1910 Ἀγαβᾲτανα,
1327 1834 1446 1892 aliunde
1460 1834 1543 1909 igno·

398 1936 474 2007 tum,
490 1932 593 1992 eodem
606 1933 705 2008 modo,
722 1952 780 2008 quo
796 1951 884 2007 supra
899 1929 1026 2008 Δάου(;
1043 1933 1122 1993 idem
1135 1934 1277 2008 probasse
1291 1934 1378 1996 video
1390 1933 1541 2008 Weilium,

398 2054 416 2091 a
435 2052 492 2109 quo
508 2033 663 2093 Datamem
678 2036 834 2093 mutuatus
853 2052 929 2093 sum.
972 2053 1033 2095 non
1047 2034 1157 2109 inveni,
1174 2036 1320 2110 quomodo
1343 2034 1540 2109 Susiscanem,

399 2137 450 2211 qui
465 2155 494 2195 v.
511 2136 551 2194 34
565 2156 601 2195 ex
615 2136 755 2213 Aegypto
769 2136 922 2211 profectus
937 2154 1000 2194 esse
1016 2135 1134 2209 dicitur,
1156 2136 1292 2197 hocloco
1307 2134 1454 2211 amolirer,
1475 2157 1542 2197 cum

397 2236 512 2313 reliqua
525 2237 557 2297 id
578 2256 682 2314 genus,
704 2256 778 2313 quae
792 2235 966 2296 ferebantur
980 2256 997 2294 a
1011 2240 1098 2312 poeta
1112 2237 1251 2312 admissa,
1268 2239 1300 2296 in
1320 2238 1457 2298 versibus
1480 2239 1540 2298 313

398 2341 429 2396 et
445 2339 516 2413 321,
532 2339 713 2399 sustulerim.

482 2439 516 2498 P.
531 2457 609 2500 1111111
629 2437 690 2516 (vv.
707 2439 768 2498 964
784 2440 821 2498 ad
840 2437 933 2518 1005)
954 2459 1060 2501 manus
1080 2441 1192 2517 primae
1211 2444 1351 2500 accentus
1367 2443 1440 2501 satis
1456 2460 1541 2518 saepe

398 2541 526 2615 evanidi,
546 2541 666 2600 litterae
680 2543 733 2600 aut
754 2541 885 2616 syllabae
901 2540 1017 2600 duobus
1032 2544 1152 2600 tantum
1165 2541 1238 2600 locis
1253 2560 1271 2599 a
1286 2543 1414 2601 secunda
1428 2544 1540 2602 instau-

398 2645 479 2700 ratae
501 2645 581 2702 sunt.
618 2663 635 2700 a
654 2643 750 2718 prima
769 2661 860 2700 manu
881 2645 977 2703 restat
997 2663 1026 2702 v.
1044 2637 1540 2718 100001ἰκ’ἀμφ16611166166666

399 2745 494 2820 signo,
510 2746 546 2802 ut
561 2744 651 2803 etiam
666 2745 726 2804 967
743 2737 874 2821 κ’ἀριόμ,
894 2744 1006 2805 1611616
1020 2745 1154 2804 nondum
1168 2747 1271 2804 notata
1285 2745 1390 2805 multa.
1425 2745 1462 2805 ab
1476 2746 1541 2822 ipsa

402 2846 539 2905 fortassis
555 2848 780 2905 66116616111661
796 2847 856 2904 976
872 2843 962 2924 τλήμ,
977 2866 995 2903 a
1010 2847 1139 2905 secunda
1153 2839 1248 2919 ἴυγγά
1263 2847 1335 2920 988,
1356 2847 1435 2923 quod
1448 2850 1495 2905 est
1509 2848 1541 2904 in

397 2947 628 3019 recentioribus,
656 2948 714 3006 981
737 2946 922 3022 πεμπαςᾶν,
946 2948 1007 3005 984
1027 2944 1182 3024 τοβάρην,
1213 2949 1273 3008 986
1299 2949 1464 3025 προκακοῦ
1489 2951 1542 3006 aut

398 3065 553 3124 προκακα,
570 3050 631 3107 993
647 3044 899 3124 μυριοντάρχων,
912 3048 1033 3122 leviora,
1045 3051 1163 3123 praeter
1176 3048 1365 3109 interductus
1376 3049 1540 3122 duodecim,

399 3151 556 3234 minimum
582 3149 734 3225 sexagiens
758 3149 796 3206 ad
820 3149 1020 3208 recentiorum
1044 3149 1190 3208 librorum
1215 3151 1451 3211 convenientiam
1480 3168 1542 3208 cor·

398 3254 488 3311 recta.
524 3271 578 3326 pro
599 3270 682 3310 eraso
703 3245 797 3323 ἴυγγα
817 3249 869 3308 1116
889 3270 995 3310 manus
1016 3252 1145 3310 secunda
1164 3246 1258 3323 ὕῑγγα
1278 3252 1370 3325 dedit,
1384 3252 1541 3326 postmodo

398 3353 430 3410 in
444 3353 578 3429 margine
591 3369 640 3429 γρ.
655 3347 752 3424 ἴυγγά
767 3352 913 3427 scriptura
923 3351 1099 3425 minuscula,
1111 3371 1172 3410 non
1184 3351 1362 3411 scholiorum
1374 3356 1405 3412 et
1419 3353 1541 3411 alterius

398 3453 429 3511 id
443 3473 538 3530 genus
553 3474 582 3514 v.
600 3455 690 3526 1002,
706 3453 871 3513 adnotavit.
900 3453 1003 3512 eadem
1017 3472 1122 3512 manus
1138 3453 1268 3513 secunda
1282 3473 1354 3513 num
1368 3475 1397 3515 v.
1415 3456 1497 3514 1000
1510 3456 1542 3512 61

400 3556 482 3615 1004
502 3556 640 3627 111166166,
662 3556 726 3614 61116
741 3553 825 3630 siglis
840 3557 957 3627 tamen,
979 3574 1053 3630 quae
1068 3555 1185 3614 suntin
1199 3554 1315 3615 Veneto
1329 3557 1437 3632 priore,
1452 3574 1541 3631 appo·

399 3658 501 3730 suerit,
522 3675 583 3715 11611
604 3657 676 3716 satis
697 3658 824 3715 constat.
860 3676 890 3715 v.
908 3656 989 3716 1002
1011 3674 1105 3715 novae
1125 3659 1194 3732 post
1209 3657 1300 3732 siglas
1314 3657 1428 3732 priores
1441 3675 1541 3732 perso-

398 3777 461 3832 nae,
477 3759 568 3818 Xerxi
583 3758 745 3817 destinavit
758 3776 863 3824 manus
877 3757 983 3833 prima,
999 3776 1073 3831 quae
1095 3761 1179 3817 extra
1203 3758 1312 3817 lineam
1331 3759 1488 3834 produxit:
1508 3760 1541 3816 in

402 3860 525 3935 reliquis
540 3863 609 3918 ante
623 3879 653 3918 v.
671 3860 751 3919 1007
767 3858 843 3917 nihil
857 3860 904 3918 661
917 3861 1015 3918 notae.

483 3954 649 4036 Utriusque
669 3979 774 4020 manus
793 3960 825 4019 in
846 3959 934 4019 Laur.
954 3961 1030 4020 vitia
1049 3960 1245 4019 emendantur
1269 3961 1302 4019 in
1326 3959 1541 4021 recentioribus

398 4061 478 4122 haec.
515 4082 544 4121 v.
562 4063 622 4122 972
644 4059 720 4123 τάδε
735 4080 759 4122 π
774 4077 936 4138 ανερομαν
951 4060 1084 4121 Venetus
1099 4062 1181 4137 prior
1195 4062 1274 4121 haud
1288 4062 1387 4121 dubie.
1433 4063 1494 4121 984
1508 4057 1541 4122 τ’

399 4160 531 4242 οἰβάρην
547 4164 605 4222 duo
620 4166 739 4222 tantum
758 4164 938 4223 vetustiores
960 4166 990 4222 et
1010 4162 1069 4221 duo
1085 4162 1267 4222 Tricliniani.
1313 4165 1373 4224 986
1395 4159 1541 4238 πρόκακα

398 4284 475 4324 unus
490 4265 646 4325 vetustior.
683 4267 741 4324 991
759 4261 893 4327 ἔντοθεν
911 4265 987 4324 Van.
1002 4265 1093 4340 prior.
1124 4266 1183 4324 995
1200 4261 1309 4328 ξάνθιν
1323 4282 1401 4323 1111116
1416 4268 1468 4323 aut
1483 4265 1540 4321 duo

398 4369 542 4426 recentes.
578 4367 859 4440 998111γδατα1116.
896 4368 957 4426 999
979 4363 1013 4427 τ’
1029 4366 1086 4424 duo
1101 4368 1220 4425 tantum
1234 4365 1407 4425 Tricliniani
1421 4364 1540 4438 habent,

402 4470 480 4528 1001
504 4462 595 4528 ὄπιθε
616 4465 650 4530 δ’
671 4464 712 4529 ἕπ
733 4468 791 4526 duo
806 4469 996 4540 vetustiores,
1016 4462 1130 4528 ὄπιθεν
1151 4464 1180 4527 δ’
1194 4486 1282 4526 unus.
1315 4466 1396 4526 1002
1412 4460 1541 4541 ἀγρέται

399 4589 475 4628 1111116
491 4570 646 4628 recentior.
679 4571 759 4630 1003
775 4564 920 4645 νώνυμοι
933 4568 1066 4643 plerique
1080 4569 1148 4628 mei.
1180 4563 1371 4629 1116516111
1385 4563 1406 4627 ἄ
1421 4567 1540 4626 Mediol.
