3659 5600
963 506 1003 569 14

498 692 620 772 οὐγὰρ
643 692 680 756 τὸ
703 691 822 771 μέλλον
845 691 880 757 ἐκ
901 696 985 758 θεῶν
1007 690 1168 769 ήπίςτατο.

497 810 528 874 οἱ
550 810 583 873 δ’
608 810 666 875 οὐκ
689 809 852 893 άκόςμως,
874 810 959 875 ἀλλὰ
980 810 1143 894 πειθάρχῳ
1165 810 1261 889 φρενὶ

497 931 630 995 δεῖπνον
654 927 889 1011 ἐπορςύνοντο,
912 927 1071 1009 ναυβάτης
1092 926 1126 992 τ’
1148 928 1230 1007 ἀνὴρ

495 1049 659 1126 τροποῦτο
682 1046 793 1126 κώπην
816 1047 955 1126 εκαλμὸν
978 1045 1064 1128 ἀμφ’
1086 1043 1270 1126 εὐήρετμον.

496 1164 567 1231 ἐπεὶ
587 1166 623 1230 δέ
645 1165 769 1247 φέγγος
790 1164 883 1243 ἡλίου
905 1164 1077 1245 κατέφθιτο

496 1284 546 1350 καὶ
567 1284 624 1350 νύξ
646 1283 753 1368 ἐπῄει,
776 1286 840 1348 πᾶς
862 1282 944 1362 ἀνὴρ
966 1283 1076 1363 κώπης
1097 1282 1176 1350 ἄναξ

405 1425 407 1430 ’
496 1401 530 1468 ἐς
552 1405 633 1469 ναύν
656 1401 770 1480 ἐχώρει
792 1404 855 1467 πᾶς
876 1400 911 1465 θ’
933 1401 1046 1468 ὅπλων
1069 1401 1248 1479 ἐπιςτάτης·

496 1520 581 1587 τάξις
603 1520 639 1584 δέ
659 1519 748 1588 τάξιν
771 1518 943 1598 παρεκάλει
965 1521 1047 1585 νεώς
1069 1520 1206 1599 μακράς·

496 1637 627 1704 πλέουςι
649 1637 683 1703 δ’
706 1637 750 1702 ὡς
773 1637 903 1703 ἕκαςτος
924 1636 964 1715 ήν
986 1637 1192 1718 τεταγμένος,

496 1755 548 1821 καὶ
569 1756 729 1836 πάννυχοι
752 1757 790 1835 δή
813 1754 973 1821 διάπλοον
996 1755 1182 1821 καθίςταςαν

433 1942 436 1947 ⁴
497 1878 587 1942 ναῶν
610 1875 745 1941 ἄνακτες
766 1873 874 1940 πάντα
894 1875 1046 1941 ναυτικὸν
1068 1874 1163 1941 λεών.

496 1995 548 2060 καλ
569 1995 626 2060 νύξ
648 1993 778 2077 ἐχώρει,
800 1991 860 2059 κού
881 1993 960 2074 μάλ’
981 1993 1143 2073 Ἑλλήνων
1166 1994 1298 2072 ςτρατὸς

468 2156 476 2237 )
498 2114 660 2192 κρυφαῖον
682 2110 823 2178 ἔκπλουν
846 2111 971 2191 οὐδαμῆ
994 2111 1169 2178 καθίετατο.

499 2230 568 2295 ἐπεί
589 2249 626 2307 γε
648 2228 757 2309 μέντοι
780 2229 987 2296 λευκόπωλος
1008 2229 1110 2310 ἡμέρα

496 2351 601 2415 πάςαν
622 2347 751 2427 κατέςχε
774 2352 870 2425 γαῖαν
892 2348 1052 2429 εὐφεγγὴς
1075 2346 1172 2424 ἰδεῖν,

497 2471 629 2547 πρώτον
651 2470 708 2547 μὲν
730 2469 791 2552 ήχή
813 2468 949 2535 κέλαδος
970 2466 1132 2548 Ἑλλήνων
1153 2466 1242 2548 πάρα

495 2587 665 2665 μολπηδὸν
687 2585 883 2668 εὐφήμηςεν,
905 2585 1018 2666 ὄρθιον
1041 2587 1076 2650 δ)
1097 2586 1162 2667 ἅμα

496 2703 695 2784 ἀντηλάλαξε
716 2705 904 2783 νηςιώτιδος
925 2705 1043 2786 πέτρας

496 2821 582 2901 ἠχώ·
606 2823 711 2905 φόβος
734 2824 769 2889 δέ
790 2827 865 2890 πᾶςι
887 2824 1058 2906 βαρβάροις
1080 2827 1187 2904 παρῆν

496 2941 626 3021 γνώμης
648 2940 894 3023 άποςφαλεῖςιν·
922 2942 1046 3022 οὐγὰρ
1069 2941 1114 3008 ώς
1135 2947 1224 3025 φυγή

496 3060 610 3127 παιᾶν’
633 3060 799 3142 ἐφύμνουν
822 3062 938 3142 ςεμνὸν
960 3061 1112 3140 Ἕλληνες
1132 3059 1221 3141 τότε,

497 3177 573 3244 ἀλλ’
594 3178 628 3245 ἐς
648 3179 752 3260 μάχην
774 3176 938 3259 ὁρμῶντες
960 3178 1095 3263 εὐψύχῳ
1117 3177 1230 3259 θράςει.

496 3297 629 3374 ςάλπιγξ
651 3298 685 3362 δ’
707 3297 786 3381 ἀύτῇ
808 3297 907 3365 πάντ’
929 3298 1030 3364 ἐκεῖν’
1051 3297 1245 3378 ἐπέφλεγεν·

496 3415 591 3481 εὐθὺς
614 3416 649 3481 δέ
670 3417 780 3495 κώπης
803 3415 954 3496 ῥοθιάδος
973 3418 1152 3499 ξυνεμβολῇ

497 3533 631 3600 ἐπαιςαν
653 3533 755 3614 άλμην
778 3534 911 3615 βρύχιον
933 3534 969 3600 ἐκ
990 3535 1199 3617 κελεύματος,

496 3655 583 3718 θοῶς
606 3653 641 3717 δέ
663 3652 781 3719 πάντες
802 3652 881 3733 ήςαν
903 3651 1055 3733 ἐκφανεῖς
1075 3652 1166 3720 ἰδεῖν.

496 3772 534 3836 τὸ
557 3770 661 3836 δεξιὸν
683 3772 740 3849 μέν
762 3774 893 3851 πρῶτον
915 3770 1075 3838 εὐτάκτως
1097 3772 1191 3851 κέρας

495 3889 605 3968 ἡγεῖτο
627 3888 749 3974 κόςμῳ,
772 3888 925 3969 δεύτερον
948 3889 1023 3956 δ’ὁ
1045 3894 1108 3956 πάς
1130 3889 1244 3956 ςτόλος

496 4006 700 4086 ἐπεξεχώρει,
722 4008 774 4072 καὶ
794 4011 901 4088 πυρήν
923 4007 1007 4088 ὁμοῦ
1028 4009 1136 4074 κλύειν

497 4245 703 4325 ἐλευθερούτε
724 4244 870 4323 πατρίδ’,
892 4244 1100 4325 ἐλευθεροῦτε
1122 4246 1158 4311 δέ

496 4365 628 4441 παῖδας,
649 4367 818 4450 γυναῖκας,
840 4368 926 4430 θεῶν
946 4384 982 4429 τε
1003 4367 1165 4449 πατρῴων
1187 4364 1261 4448 ἕδη,

497 4482 593 4561 θήκας
614 4503 648 4547 τε
670 4482 858 4561 προγόνων·
880 4487 941 4549 νῦν
963 4483 1044 4563 ὑπὲρ
1066 4483 1198 4548 πάντων
1221 4483 1319 4560 ἀγών.

496 4601 547 4665 καὶ
569 4601 630 4680 μὴν
652 4601 732 4679 παρ’
752 4600 843 4681 ἡμῶν
864 4600 1021 4680 Περςίδος
1042 4601 1184 4682 γλώςςης
1206 4601 1304 4681 ῥόθος
