3659 5600
838 508 877 574 19

292 712 294 715 ’
371 707 513 787 λέκτρων
536 703 633 770 εὐνᾶ(
655 701 890 783 ἁβροχίτωνατ,

372 827 523 905 χλιδανῆ(
545 824 624 904 ἥβη(
644 820 775 901 τέρψιν,
798 818 941 897 ἀφεῖ(αι,

370 946 521 1008 πενθοῖιτι
543 941 634 1018 γόοι(
655 932 938 1017 ἀκορεετοτάτοι(.]

283 1044 293 1054 ’
371 1060 459 1137 κάγὼ
483 1060 519 1123 δὲ
540 1058 642 1138 νόμον
664 1060 730 1123 τῶν
753 1052 935 1133 οἰχομένων

375 1177 456 1259 αἴρω
479 1174 617 1257 δοκίμω(
638 1175 835 1250 πολυπενθῆ.

287 1355 344 1406 (τρ.
364 1333 399 1393 α’.

373 1468 433 1531 νῦν
454 1465 516 1544 γὰρ
538 1461 688 1541 πρόπα(α
709 1462 769 1541 μὲν
793 1459 894 1525 (τένει

371 1583 438 1660 γαῖ’
462 1581 542 1647 Ἀᾶε
564 1578 815 1659 ἐκκεκενωμένα·

372 1699 494 1779 Ξέρξη(
515 1700 572 1778 μὲν
594 1697 730 1774 ἄγαγεν,
753 1697 876 1776 ποποῖ,

374 1819 495 1897 Ξέρξη(
518 1817 552 1882 δ’
573 1816 755 1897 ἀπώλεων,
776 1815 884 1896 τοτοῖ,

371 1937 493 2017 Ξέρξη(
514 1935 550 1999 δὲ
571 1933 670 2001 πάντ’
692 1931 809 1997 έαέεπε
835 1928 1033 2010 δωφρόνω(

373 2053 526 2136 βαρίδεαι
547 2050 691 2119 παντίαι(

371 2172 461 2238 τίπτε
481 2170 624 2249 Δαρεῖο(
645 2171 703 2248 μὲν
725 2167 811 2234 οὕτω
832 2165 906 2232 τότ’
928 2164 1067 2245 ἀβλαβή(
1089 2161 1170 2240 ἐπῆν

372 2290 546 2371 τόξαρχοε,
567 2287 733 2368 πολιήται(

373 2408 535 2474 (ου(ίδαι(
557 2405 654 2487 φίλα(
676 2403 797 2486 ἄκτωρ,

288 2560 348 2615 ἀντ.
366 2553 402 2616 α’.
510 2576 520 2593 ·

372 2678 490 2746 πεζού(
512 2696 547 2742 τε
567 2675 629 2753 γὰρ
651 2673 839 2738 θαλα((ίου(
859 2671 893 2737 τ’

373 2795 441 2862 αἵδ’
462 2794 638 2875 ὁμόπτεροι
659 2790 859 2857 κυανώπιδε(

373 2918 449 2980 νᾶε(
471 2915 528 2993 μὲν
551 2911 692 2995 ἄγαγον,
713 2910 832 2991 ποποῖ,

373 3035 448 3098 νᾶε(
470 3032 504 3097 δ’
526 3031 712 3111 ἀπώλεων,
734 3028 840 3109 τοτοῖ,

373 3154 449 3217 νᾶε(
470 3147 722 3227 πανωλέθροιειν
744 3145 906 3224 ἐμβολαῖ(

374 3268 427 3334 διὰ
448 3268 482 3333 δ’
503 3266 633 3333 Ἰαόνων
655 3266 750 3345 χέρα(

373 3387 471 3450 τυτθὰ
491 3386 530 3464 δὴ
553 3385 698 3464 ’κιραγεῑν
721 3381 834 3449 ἄνακτ’
856 3379 957 3445 αὐτὸν
980 3379 1026 3443 ὡ(
1047 3375 1208 3455 ἀκούομεν

375 3505 499 3588 Θρῄκη(
520 3503 563 3583 ἂμ
584 3503 744 3581 πεδιήρει(

375 3621 545 3702 δυεχίμου(
564 3640 600 3685 τε
621 3618 803 3685 κελεύθου(

292 3790 348 3840 (τρ.
367 3767 399 3837 β’.

374 3890 425 3955 ταὶ
445 3889 479 3954 δ’
501 3888 564 3968 ἄρα
584 3884 828 3968 πρωτομόροια,
850 3887 930 3967 φεῦ,

377 4007 552 4089 ληφθέντε(
573 4005 657 4084 πρὸ(
679 4003 836 4085 ἀνάγκα(,
857 4000 911 4083 ἠέ,

379 4125 476 4192 ἀκτὰ(
497 4122 580 4205 ἀμφὶ
602 4119 767 4203 Κυχρείαε,
789 4108 847 4201 ὀᾶ,

377 4244 535 4324 ἔρρωνται.
578 4240 667 4306 (τένε
687 4240 740 4305 καὶ
762 4236 939 4316 δακνάζου,
963 4235 1043 4315 βαρὺ
1065 4233 1100 4298 δ’
1121 4231 1283 4313 ἀμβόα(ον

378 4359 507 4442 οὐράνι’
528 4358 604 4437 ἄχη,
627 4357 684 4439 ὀᾶ,

377 4481 461 4543 τεῖνε
483 4477 520 4541 δὲ
542 4473 738 4556 δυεβάυκτον

378 4599 487 4678 βοᾶτιν
509 4594 661 4657 τάλαιναν
685 4592 795 4655 αὐδάν.
